@inproceedings{malacaria2007looping,
 author = {Malacaria, Pasquale},
 title = {Assessing security threats of looping constructs},
 booktitle = {POPL},
 year = {2007},
} 

@article{clark2005QIF,
 author = {Clark, David and Hunt, Sebastian and Malacaria, Pasquale},
 title = {Quantitative Information Flow, Relations and Polymorphic Types},
 journal = {J. Log. and Comput.},
 volume = {15},
 issue = {2},
 month = apr,
 year = {2005},
 pages = {181--199},
} 

@inproceedings{mardziel11belief,
  title = {Dynamic Enforcement of Knowledge-based Security Policies},
  author = {{P}iotr Mardziel and Stephen Magill and Michael Hicks and Mudhakar Srivatsa},
  booktitle = {CSF},
  year = 2011,
  month = jun,
}

@techreport{TR,
  title = {Dynamic Enforcement of Knowledge-based Security Policies},
  author = {Piotr Mardziel and Stephen Magill and Michael Hicks and Mudhakar Srivatsa},
  number = {CS-TR-4978},
  institution = {University of Maryland Department of Computer Science},
  year = 2011,
  month = apr,
}

@article{kozen81semantics,
  volume="22",
  title="Semantics of probabilistic programs",
  author="Dexter Kozen",
  year="1981",
  pages="328--350",
  journal="J. Comput. Syst. Sci."
}

@inproceedings{monniaux00prob,
  author = {David Monniaux},
  title = {Abstract interpretation of probabilistic semantics},
  booktitle = {Static Analysis Symposium (SAS'00)},
  journal = {Lecture Notes in Computer Science}, 
  number = {1824},
  pages = {322--339},
  year = 200
}

@inproceedings{PINQ-SIGMOD09,
author = {F. McSherry},
title = {Privacy Integrated Queries},
booktitle = {SIGMOD},
year = {2009}
}

@misc{parma,
  title = {{PPL}: The {Parma} Polyhedral Library},
  howpublished = {\url{http://www.cs.unipr.it/ppl/}},
  year = 2011
}

@misc{wedding-case-study,
  title = {Facebook Ads: Case Studies},
  howpublished = {\url{http://www.facebook.com/advertising/?campaign_id=402047449186}},
  year = 2011
}

@misc{visitbritain-case-study,
  title = {Facebook Ads: A Guide to Targeting and Reporting},
  howpublished = {\url{http://www.openforum.com/articles/facebook-ads-a-guide-to-targeting-and-reporting-adele-cooper}},
  year = 2011
}

@inproceedings{rastogi09relationship,
 author = {Rastogi, Vibhor and Hay, Michael and Miklau, Gerome and Suciu, Dan},
 title = {Relationship privacy: output perturbation for queries with joins},
 booktitle = {PODS},
 year = {2009},
} 

@inproceedings{smith09foundations,
 author = {Smith, Geoffrey},
 title = {On the Foundations of Quantitative Information Flow},
 booktitle = {FOSSACS},
 year = {2009},
} 

@inproceedings{radul07probscheme,
 author = {Radul, Alexey},
 title = {Report on the probabilistic language {Scheme}},
 booktitle = {DLS},
 year = {2007},
} 

@misc{latte,
  author = {J. Loera and D. Haws and R. Hemmecke and P. Huggins and J. Tauzer and R. Yoshida},
  title = {LattE},
  howpublished = {\url{http://www.math.ucdavis.edu/latte/}},
  year = 2008,
}

@InCollection{pfeffer07ibal,
  author =    {Avi Pfeffer},
  editor =    {Lise Getoor and Benjamin Taskar},
  booktitle =        {Statistical Relational Learning}, 
  title =      {The Design and Implementation of {IBAL}: A General-Purpose Probabilistic Language},
  publisher =    {MIT Press},
  year =         {2007},
}

@inproceedings{CousotHalbwachs78-POPL,
   author =    {Cousot, P{.} and Halbwachs, N{.}},
   title =     {Automatic discovery of linear restraints among variables of
                a program},
   optpages =     {84--97},
   booktitle = {POPL},
   optbooktitle = {Conference Record of the Fifth Annual ACM SIGPLAN-SIGACT 
                Symposium on Principles of Programming Languages},
   optaddress =   {Tucson, Arizona},
   optpublisher = {ACM Press, New York, NY},
   year =      1978,
}

@article{bagnara06powerset,
 author = {Bagnara, Roberto and Hill, Patricia M. and Zaffanella, Enea},
 title = {Widening operators for powerset domains},
 journal = {Int. J. Softw. Tools Technol. Transf.},
 volume = {8},
 issue = {4},
 year = {2006},
 pages = {449--466},
}

@inproceedings{kiselyov09embedded,
 author = {Kiselyov, Oleg and Shan, Chung-Chieh},
 title = {Embedded Probabilistic Programming},
 booktitle = {DSL},
 year = {2009},
} 

@inproceedings{goodman08church,
  author    = {Noah D. Goodman and
               Vikash K. Mansinghka and
               Daniel M. Roy and
               Keith Bonawitz and
               Joshua B. Tenenbaum},
  title     = {Church: a language for generative models},
  booktitle = {UAI},
  year      = {2008},
}

@article{park08sampling,
 author = {Park, Sungwoo and Pfenning, Frank and Thrun, Sebastian},
 title = {A probabilistic language based on sampling functions},
 journal = {TOPLAS},
 volume = {31},
 issue = {1},
 year = {2008},
 pages = {4:1--4:46},
} 

@misc{facebook-tos,
  title = {Statement of Rights and Responsibilities},
  howpublished = {\url{http://www.facebook.com/terms.php}},
  month = oct,
  day = 4,
  year = 2010
}

@misc{facebook-demographics,
  title = {Facebook Demographics and Statistics Report 2010},
  howpublished = {\url{http://www.istrategylabs.com/2010/01/facebook-demographics-and-statistics-} \url{report-2010-145-growth-in-1-year/}},
  year = 2010
}

@misc{facebook-apps,
  title = "Facebook Developers",
  howpublished = {\url{http://developers.facebook.com/}},
  note = {see the \url{policy} and \url{docs/guides/canvas} directories for privacy information},
  year = 2011
}

@article{myspace-data,
  title = {MySpace User Data For Sale},
  author = {David Worthington},
  journal = {PC World on-line},
  month = mar,
  day = 17,
  year = 2010,
  note = {\url{http://www.pcworld.com/article/191716/myspace_user_data_for_sale.html}}
}

@inproceedings{prpl,
  title = {{PrPl}: a Decentralized Social Networking Infrastructure},
  author = {Seok-Won Seong and Jiwon Seo and Matthew Nasielski and Debangsu Sengupta and Sudheendra Hangal and Seng Keat Teh and Ruven Chu and Ben Dodson and Monica S. Lam},
  booktitle = {1st International Workshop on Mobile Cloud Computing and Services: Social Networks and Beyond},
  note = {Invited Paper},
  year = 2010,
  month = jun
}

@inproceedings{guha10,
  title = {Challenges in Measuring Online Advertising Systems},
  author = {Saikat Guha and Bin Cheng and Paul Francis},
  booktitle = {IMC},
  year = 2010
}

@inproceedings{persona,
 author = {Baden, Randy and Bender, Adam and Spring, Neil and Bhattacharjee, Bobby and Starin, Daniel},
 title = {Persona: an online social network with user-defined privacy},
 booktitle = {SIGCOMM},
 year = {2009},
 location = {Barcelona, Spain},
}

@inproceedings{xbook,
title = {{xBook}: Redesigning Privacy Control in Social Networking Platforms},
author = {Kapil Singh and Sumeer Bhola and Wenke Lee},
booktitle = {USENIX Security},
year = 2009
}

@inproceedings{golle06revisiting,
 author = {Golle, Philippe},
 title = {Revisiting the uniqueness of simple demographics in the US population},
 booktitle = {WPES},
 year = {2006},
 optisbn = {1-59593-556-8},
 optpages = {77--80},
 optlocation = {Alexandria, Virginia, USA},
 optdoi = {http://doi.acm.org/10.1145/1179601.1179615},
 optpublisher = {ACM},
 optaddress = {New York, NY, USA},
}

@article{clarkson09quantifying,
 author = {Clarkson, Michael R. and Myers, Andrew C. and Schneider, Fred B.},
 title = {Quantifying information flow with beliefs},
 journal = {J. Comput. Secur.},
 volume = {17},
 number = {5},
 year = {2009},
 optissn = {0926-227X},
 optpages = {655--701},
 optpublisher = {IOS Press},
 optaddress = {Amsterdam, The Netherlands, The Netherlands},
}

@inproceedings{McCamantE2008,
   author = {Stephen McCamant and Michael D. Ernst},
   title = {Quantitative information flow as network flow capacity},
   booktitle = {PLDI},
   optpages = {193--205},
   optaddress = {Tucson, AZ, USA},
   optmonth = {June~9--11,},
   year = {2008}
}

@inproceedings{backes09automatic,
 author = {Michael Backes and Boris K{\"o}pf and Andrey Rybalchenko},
 title  = {Automatic Discovery and Quantification of Information Leaks},
 booktitle = {Security and Privacy},
 year  = {2009},
}

@article{diffpriv,
 author = {Dwork, Cynthia},
 title = {A firm foundation for private data analysis},
 journal = {Commun. ACM},
 volume = {54},
 issue = {1},
 month = jan,
 year = {2011},
 pages = {86--95},
} 

@INPROCEEDINGS{Popeea06inferringdisjunctive,
    author = {Corneliu Popeea and {Wei-ngan} Chin},
    title = {Inferring disjunctive postconditions},
    booktitle = {In ASIAN CS Conference},
    year = {2006}
}

@article{Mu:2009:inverval-qif,
 author = {Mu, Chunyan and Clark, David},
 title = {An Interval-based Abstraction for Quantifying Information Flow},
 journal = {Electron. Notes Theor. Comput. Sci.},
 volume = {253},
 issue = {3},
 month = {November},
 year = {2009},
 issn = {1571-0661},
 pages = {119--141},
 numpages = {23},
 doi = {10.1016/j.entcs.2009.10.009},
 acmid = {1640572},
 publisher = {Elsevier Science Publishers B. V.},
 address = {Amsterdam, The Netherlands, The Netherlands},
 keywords = {Abstraction, Information Flow, Language, Measurement, Security},
} 

@INPROCEEDINGS{kopf:rybalchenko, 
author={K\"opf, Boris and Rybalchenko, Andrey}, 
booktitle={CSF}, 
title={Approximation and Randomization for Quantitative Information-Flow Analysis},  
year={2010}, 
optmonth=jul, 
optpages={3 -14}, 
optISSN={1063-6900},}

@INPROCEEDINGS{monniaux00abstract,
    author = {David Monniaux},
    title = {Abstract interpretation of probabilistic semantics},
    booktitle = {In Seventh International Static Analysis Symposium (SASâ€™00), number 1824 in Lecture Notes in Computer Science},
    year = {2000},
    pages = {322--339},
    publisher = {Springer-Verlag}
}

@phdthesis{Monniaux_these,
  author = {David Monniaux},
  title = {Analyse de programmes probabilistes par
                  interpr\'etation abstraite},
  school = {Universit\'e {P}aris {IX} {D}auphine},
  year = 2001,
  type = {Th\`ese de doctorat},
  note = {R\'esum\'e \'etendu en fran\,cais. Contents in English.},
  pdf = {http://www-verimag.imag.fr/~monniaux/biblio/Monniaux_these.pdf},
  category = {thes},
  oclc = {495477941}
}