%------------------------------------------------------------------
%  Name conventions by example
%
%  Single author papers:
%
%   author = "Adi Shamir"
%   year = 1987                               ==>  Shamir87
%
%  Papers with two authors:
%
%   author = "Mihir Bellare and Phillip Rogaway"
%   year = 1993                               ==>  BeRo93
%
%  Papers with three or more authors:
%
%   author = "Michel Abdalla and Sara Miner and Chanathip Namprempre
%   year = 2001                               ==>  AMN01
%
%------------------------------------------------------------------

%------------------------------------------------------------------
%  The varibale "shortbib" allows you to choose between short and
%  long references. You should set it as follows:
%
%  shortbib = 0  ==> Long  references (e.g. Lecture Notes in Computer Science)
%  shortbib = 1  ==> Short references (e.g. LNCS)
%
%------------------------------------------------------------------


%------------------------------------------------------------------
%  List of references with same short and long versions of name
%------------------------------------------------------------------

@string{acsac   = "Annual Computer Security Applications Conference"}
@string{infocom = "{IEEE} {INFOCOM}"}
@string{globecom = "{IEEE} Global Telecommunication Conference"}
@string{spw   = "Security Protocols Workshop"}

@string{acmtcs = "{ACM} Transactions on Computer Systems"}
@string{bltj    = "Bell Labs Technical Journal"}
@string{pieee   = "Proceedings of the {IEEE}" }
@string{sidm    = "{SIAM} Journal on Discrete Math."}
@string{ieeetse = "{IEEE} Transactions on Software Engineering and Methodology" }
@string{tosem = ieeetse}
@string{ieeepc = "{IEEE} Personal Communications"}
@string{ieeecl = "{IEEE} Communications Letters"}
@string{ieeesoft = "{IEEE} Software"}
@string{orlet = "Operations Research Letters"}
@string{tcs     = "Theoretical Computer Science" }
@string{siamdm  = "{SIAM} Journal on Discrete Mathematics"}
@string{dm     = "Discrete Mathematics"}
@string{ejor   = "European Journal of Operational Research"}
@string{jise   = "Journal of Information Science and Engineering"}
@string{ta     = "To appear"}
@string{ieeecompsoc = "{IEEE} Computer Society"}

@string{ieee = {IEEE}}
@string{com  = "{IEEE} Communications Magazine"}
@string{netmag  = "{IEEE} Network Magazine"}
@string{net  = netmag}
@string{isdn = "Computer Networks and {ISDN} Systems"}
@string{cacm = "Communications of the ACM"}
@string{comrev = "{ACM} Computer Communication Review"}
@string{perscomm = "Personal Communication"}
@string{perf = "Performance Evaluation"}
@string{bell = "Bell Systems Technical Journal"}
@string{springer = "Springer"}
@string{plenumpress = "Plenum Press"}
@string{ucsb-ece = "U.C. Santa Barbara, Dept.\ of Elec.\ and Computer Engineering"}

@string{sigcomm = "Proceedings of {ACM} {SIGCOMM}"}
@string{struct = "Proceedings of Structures in Complexity Theory"}
@string{siamjc = "{SIAM} Journal on Computing"}
@string{sicomp  = siamjc}
@string{transcomp = "{IEEE} Transactions on Computer"}
@string{tcomm = "{IEEE} Transactions on Communications"}
@string{transcom  = tcomm}
@string{ieeetcs = "{IEEE} Transactions on Circuits and Systems"}
@string{ton = "{IEEE/ACM} Transactions on Networking"}
@string{netw = ton}
@string{acmtiss = "{ACM} Trans.\ Information and System Security"}
@string{acmosr = "{ACM SIGOPS} Operating Systems Review"}
@string{jcrypto = "Journal of Cryptology"}
@string{jcrypt = jcrypto}
@string{infth = "{IEEE} Trans.\ Information Theory"}
@string{jacm = "J. {ACM}"}
@string{jcss = "J.\ Computer and System Sciences"}
@string{ijns = "International Journal of Network Security"}
@string{ijwmc = "International Journal of Wireless and Mobile Computing"}
@string{ipl = "Information Processing Letters"}
@string{ieeetpds = "{IEEE} Transactions on Parallel and Distributed Systems" }

%------------------------------------------------------------------
%  List of references with different short and long versions of name
%------------------------------------------------------------------

@string{acm =
"\ifnum\shortbib=1{{ACM}}\else{Association for Computing Machinery}\fi"}
@string{dcca  =
"\ifnum\shortbib=1{{DCCA}}\else{Conference on Dependable Computing for Critical
 Applications (DCCA)}\fi"}
@string{toplas =
"\ifnum\shortbib=1{{ACM} Transactions on Programming Languages and Systems}\else{{ACM} TOPLAS}\fi"}
@string{jsac =
"\ifnum\shortbib=1{{IEEE} {JSAC}}\else{{IEEE} J. Selected Areas in
 Communications}\fi"}
@string{mylncs =
 "\ifnum\shortbib=1{{LNCS}}\else{LNCS}\fi"}

% @string{lncs = "Lecture Notes in Computer Science"}

%------------------------------------------------------------------
%  City names
%------------------------------------------------------------------

@string{santabarbara = "Santa Barbara, CA, USA"}
@string{newyork      = "New York, NY, USA"}

%------------------------------------------------------------------
%                           ACISP
%------------------------------------------------------------------

@string{acispname = "\ifnum\shortbib=1{}\else{Australasian Conference on Information Security and Privacy}\fi"}
@string{acisppub = springer}

@string{acisp96  = "ACISP96"}
@string{acisp97  = "ACISP97"}
@string{acisp98  = "ACISP98"}
@string{acisp99  = "ACISP99"}
@string{acisp00  = "ACISP00"}
@string{acisp01  = "ACISP01"}
@string{acisp02  = "ACISP02"}
@string{acisp03  = "ACISP03"}
@string{acisp04  = "ACISP04"}
@string{acisp05  = "ACISP05"}
@string{acisp06  = "ACISP06"}
@string{acisp07  = "ACISP07"}
@string{acisp08  = "ACISP08"}
@string{acisp09  = "ACISP09"}
@string{acisp10  = "ACISP10"}

@string{acisp96key  = "ACISP 1996"}
@string{acisp97key  = "ACISP 1997"}
@string{acisp98key  = "ACISP 1998"}
@string{acisp99key  = "ACISP 1999"}
@string{acisp00key  = "ACISP 2000"}
@string{acisp01key  = "ACISP 2001"}
@string{acisp02key  = "ACISP 2002"}
@string{acisp03key  = "ACISP 2003"}
@string{acisp04key  = "ACISP 2004"}
@string{acisp05key  = "ACISP 2005"}
@string{acisp06key  = "ACISP 2006"}
@string{acisp07key  = "ACISP 2007"}
@string{acisp08key  = "ACISP 2008"}
@string{acisp09key  = "ACISP 2009"}
@string{acisp10key  = "ACISP 2010"}

@string{acisp96name  = "ACISP 96\ifnum\shortbib=0{: 1st }\fi" # acispname}
@string{acisp97name  = "ACISP 97\ifnum\shortbib=0{: 2nd }\fi" # acispname}
@string{acisp98name  = "ACISP 98\ifnum\shortbib=0{: 3rd }\fi" # acispname}
@string{acisp99name  = "ACISP 99\ifnum\shortbib=0{: 4th }\fi" # acispname}
@string{acisp00name  = "ACISP 00\ifnum\shortbib=0{: 5th }\fi" # acispname}
@string{acisp01name  = "ACISP 01\ifnum\shortbib=0{: 6th }\fi" # acispname}
@string{acisp02name  = "ACISP 02\ifnum\shortbib=0{: 7th }\fi" # acispname}
@string{acisp03name  = "ACISP 03\ifnum\shortbib=0{: 8th }\fi" # acispname}
@string{acisp04name  = "ACISP 04\ifnum\shortbib=0{: 9th }\fi" # acispname}
@string{acisp05name  = "ACISP 05\ifnum\shortbib=0{: 10th }\fi" # acispname}
@string{acisp06name  = "ACISP 06\ifnum\shortbib=0{: 11th }\fi" # acispname}
@string{acisp07name  = "ACISP 07\ifnum\shortbib=0{: 12th }\fi" # acispname}
@string{acisp08name  = "ACISP 08\ifnum\shortbib=0{: 13th }\fi" # acispname}
@string{acisp09name  = "ACISP 09\ifnum\shortbib=0{: 14th }\fi" # acispname}
@string{acisp10name  = "ACISP 10\ifnum\shortbib=0{: 15th }\fi" # acispname}

@string{acisp96ed  = "Josef Pieprzyk and Jennifer Seberry"}
@string{acisp97ed  = "Vijay Varadharajan and Josef Pieprzyk and Yi Mu"}
@string{acisp98ed  = "Colin Boyd and Ed Dawson"}
@string{acisp99ed  = "Josef Pieprzyk and Reihaneh Safavi-Naini and Jennifer Seberry"}
@string{acisp00ed  = "Ed Dawson and Andrew Clark and Colin Boyd"}
@string{acisp01ed  = "Vijay Varadharajan and Yi Mu"}
@string{acisp02ed  = "Lynn Margaret Batten and Jennifer Seberry"}
@string{acisp03ed  = "Reihaneh Safavi-Naini and Jennifer Seberry"}
@string{acisp04ed  = "Huaxiong Wang and Josef Pieprzyk and Vijay Varadharajan"}
@string{acisp05ed  = "Colin Boyd and Juan Manuel Gonz{\'a}lez Nieto"}
@string{acisp06ed  = "Lynn Margaret Batten and Reihaneh Safavi-Naini"}
@string{acisp07ed  = "Josef Pieprzyk and Hossein Ghodosi and Ed Dawson"}
@string{acisp08ed  = ""}
@string{acisp09ed  = ""}
@string{acisp10ed  = ""}

@string{acisp96vol  = "1172"}
@string{acisp97vol  = "1270"}
@string{acisp98vol  = "1438"}
@string{acisp99vol  = "1587"}
@string{acisp00vol  = "1841"}
@string{acisp01vol  = "2119"}
@string{acisp02vol  = "2384"}
@string{acisp03vol  = "2727"}
@string{acisp04vol  = "3108"}
@string{acisp05vol  = "3574"}
@string{acisp06vol  = "4058"}
@string{acisp07vol  = "4586"}
@string{acisp08vol  = ""}
@string{acisp09vol  = ""}
@string{acisp10vol  = ""}

@string{acisp96addr  = ""}
@string{acisp97addr  = ""}
@string{acisp98addr  = ""}
@string{acisp99addr  = ""}
@string{acisp00addr  = ""}
@string{acisp01addr  = ""}
@string{acisp02addr  = ""}
@string{acisp03addr  = ""}
@string{acisp04addr  = ""}
@string{acisp05addr  = ""}
@string{acisp06addr  = ""}
@string{acisp07addr  = ""}
@string{acisp08addr  = ""}
@string{acisp09addr  = ""}
@string{acisp10addr  = ""}

@string{acisp96month  = jun}
@string{acisp97month  = jul}
@string{acisp98month  = jul}
@string{acisp99month  = apr}
@string{acisp00month  = jul}
@string{acisp01month  = jul}
@string{acisp02month  = jul}
@string{acisp03month  = jul}
@string{acisp04month  = jul}
@string{acisp05month  = jul}
@string{acisp06month  = jul}
@string{acisp07month  = jul}
@string{acisp08month  = ""}
@string{acisp09month  = ""}
@string{acisp10month  = ""}

%------------------------------------------------------------------
%                           SAC
%------------------------------------------------------------------

@string{sacname = "\ifnum\shortbib=0{Annual International Workshop on Selected Areas in Cryptography (SAC)}\fi"}
@string{sacpub = springer}

@string{sac94  = "SAC94"}
@string{sac95  = "SAC95"}
@string{sac96  = "SAC96"}
@string{sac97  = "SAC97"}
@string{sac98  = "SAC98"}
@string{sac99  = "SAC99"}
@string{sac00  = "SAC00"}
@string{sac01  = "SAC01"}
@string{sac02  = "SAC02"}
@string{sac03  = "SAC03"}
@string{sac04  = "SAC04"}
@string{sac05  = "SAC05"}
@string{sac06  = "SAC06"}
@string{sac07  = "SAC07"}
@string{sac08  = "SAC08"}
@string{sac09  = "SAC09"}
@string{sac10  = "SAC10"}

@string{sac94key  = "SAC 1994"}
@string{sac95key  = "SAC 1995"}
@string{sac96key  = "SAC 1996"}
@string{sac97key  = "SAC 1997"}
@string{sac98key  = "SAC 1998"}
@string{sac99key  = "SAC 1999"}
@string{sac00key  = "SAC 2000"}
@string{sac01key  = "SAC 2001"}
@string{sac02key  = "SAC 2002"}
@string{sac03key  = "SAC 2003"}
@string{sac04key  = "SAC 2004"}
@string{sac05key  = "SAC 2005"}
@string{sac06key  = "SAC 2006"}
@string{sac07key  = "SAC 2007"}
@string{sac08key  = "SAC 2008"}
@string{sac09key  = "SAC 2009"}
@string{sac10key  = "SAC 2010"}

@string{sac94name  = "SAC 1994\ifnum\shortbib=0{: 1st }\fi" # sacname}
@string{sac95name  = "SAC 1995\ifnum\shortbib=0{: 2nd }\fi" # sacname}
@string{sac96name  = "SAC 1996\ifnum\shortbib=0{: 3rd }\fi" # sacname}
@string{sac97name  = "SAC 1997\ifnum\shortbib=0{: 4th }\fi" # sacname}
@string{sac98name  = "SAC 1998\ifnum\shortbib=0{: 5th }\fi" # sacname}
@string{sac99name  = "SAC 1999\ifnum\shortbib=0{: 6th }\fi" # sacname}
@string{sac00name  = "SAC 2000\ifnum\shortbib=0{: 7th }\fi" # sacname}
@string{sac01name  = "SAC 2001\ifnum\shortbib=0{: 8th }\fi" # sacname}
@string{sac02name  = "SAC 2002\ifnum\shortbib=0{: 9th }\fi" # sacname}
@string{sac03name  = "SAC 2003\ifnum\shortbib=0{: 10th }\fi" # sacname}
@string{sac04name  = "\ifnum\shortbib=0{11th }\fi" # sacname}
@string{sac05name  = "SAC 2005\ifnum\shortbib=0{: 12th }\fi" # sacname}
@string{sac06name  = "SAC 2006\ifnum\shortbib=0{: 13th }\fi" # sacname}
@string{sac07name  = "SAC 2007\ifnum\shortbib=0{: 14th }\fi" # sacname}
@string{sac08name  = "SAC 2008\ifnum\shortbib=0{: 15th }\fi" # sacname}
@string{sac09name  = "SAC 2009\ifnum\shortbib=0{: 16th }\fi" # sacname}
@string{sac10name  = "SAC 2010\ifnum\shortbib=0{: 17th }\fi" # sacname}

@string{sac94ed  = ""}
@string{sac95ed  = ""}
@string{sac96ed  = ""}
@string{sac97ed  = "Carlisle Adams and Mike Just"}
@string{sac98ed  = "Stafford E. Tavares and Henk Meijer"}
@string{sac99ed  = "Howard M. Heys and Carlisle M. Adams"}
@string{sac00ed  = "Douglas R. Stinson and Stafford E. Tavares"}
@string{sac01ed  = "Serge Vaudenay and Amr M. Youssef"}
@string{sac02ed  = "Kaisa Nyberg and Howard M. Heys"}
@string{sac03ed  = "Mitsuru Matsui and Robert J. Zuccherato"}
@string{sac04ed  = "Helena Handschuh and Anwar Hasan"}
@string{sac05ed  = "Bart Preneel and Stafford Tavares"}
@string{sac06ed  = "Eli Biham and Amr M. Youssef"}
@string{sac07ed  = "Carlisle M. Adams and Ali Miri and Michael J. Wiener"}
@string{sac08ed  = ""}
@string{sac09ed  = ""}
@string{sac10ed  = ""}

@string{sac94vol  = ""}
@string{sac95vol  = ""}
@string{sac96vol  = ""}
@string{sac97vol  = ""}
@string{sac98vol  = "1556"}
@string{sac99vol  = "1758"}
@string{sac00vol  = "2012"}
@string{sac01vol  = "2259"}
@string{sac02vol  = "2595"}
@string{sac03vol  = "3006"}
@string{sac04vol  = "3357"}
@string{sac05vol  = "3897"}
@string{sac06vol  = "4356"}
@string{sac07vol  = "4876"}
@string{sac08vol  = ""}
@string{sac09vol  = ""}
@string{sac10vol  = ""}

@string{sac94addr  = ""}
@string{sac95addr  = ""}
@string{sac96addr  = ""}
@string{sac97addr  = ""}
@string{sac98addr  = ""}
@string{sac99addr  = ""}
@string{sac00addr  = ""}
@string{sac01addr  = ""}
@string{sac02addr  = ""}
@string{sac03addr  = ""}
@string{sac04addr  = ""}
@string{sac05addr  = ""}
@string{sac06addr  = ""}
@string{sac07addr  = ""}
@string{sac08addr  = ""}
@string{sac09addr  = ""}
@string{sac10addr  = ""}

@string{sac94month  = ""}
@string{sac95month  = ""}
@string{sac96month  = ""}
@string{sac97month  = aug}
@string{sac98month  = aug}
@string{sac99month  = aug}
@string{sac00month  = aug}
@string{sac01month  = aug}
@string{sac02month  = aug}
@string{sac03month  = aug}
@string{sac04month  = aug}
@string{sac05month  = aug}
@string{sac06month  = aug}
@string{sac07month  = aug}
@string{sac08month  = ""}
@string{sac09month  = ""}
@string{sac10month  = ""}

%------------------------------------------------------------------
%                           ACNS
%------------------------------------------------------------------

@string{acnsname = "\ifnum\shortbib=0{Intl.\ Conference on Applied Cryptography and Network Security (ACNS)}\else{ACNS}\fi"}
@string{acnspub = springer}

@string{acns03  = "ACNS03"}
@string{acns04  = "ACNS04"}
@string{acns05  = "ACNS05"}
@string{acns06  = "ACNS06"}
@string{acns07  = "ACNS07"}
@string{acns08  = "ACNS08"}
@string{acns09  = "ACNS09"}
@string{acns10  = "ACNS10"}

@string{acns03key  = "ACNS 2003"}
@string{acns04key  = "ACNS 2004"}
@string{acns05key  = "ACNS 2005"}
@string{acns06key  = "ACNS 2006"}
@string{acns07key  = "ACNS 2007"}
@string{acns08key  = "ACNS 2008"}
@string{acns09key  = "ACNS 2009"}
@string{acns10key  = "ACNS 2010"}

@string{acns03name  = "\ifnum\shortbib=0{1st }\fi" # acnsname}
@string{acns04name  = "\ifnum\shortbib=0{2nd }\fi" # acnsname}
@string{acns05name  = "\ifnum\shortbib=0{3rd }\fi" # acnsname}
@string{acns06name  = "\ifnum\shortbib=0{4th }\fi" # acnsname}
@string{acns07name  = "\ifnum\shortbib=0{5th }\fi" # acnsname}
@string{acns08name  = "\ifnum\shortbib=0{6th }\fi" # acnsname}
@string{acns09name  = "\ifnum\shortbib=0{7th }\fi" # acnsname}
@string{acns10name  = "\ifnum\shortbib=0{8th }\fi" # acnsname # "\ifnum\shortbib=1{ 2010}\fi"}

@string{acns03ed  = "Jianying Zhou and Moti Yung and Yongfei Han"}
@string{acns04ed  = "Markus Jakobsson and Moti Yung and Jianying Zhou"}
@string{acns05ed  = "John Ioannidis and Angelos Keromytis and Moti Yung"}
@string{acns06ed  = "Jianying Zhou and Moti Yung and Feng Bao"}
@string{acns07ed  = "Jonathan Katz and Moti Yung"}
@string{acns08ed  = "Steven M. Bellovin and Rosario Gennaro and Angelos D. Keromytis and Moti Yung"}
@string{acns09ed  = ""}
@string{acns10ed  = ""}

@string{acns03vol  = "2846"}
@string{acns04vol  = "3089"}
@string{acns05vol  = "3531"}
@string{acns06vol  = "3989"}
@string{acns07vol  = "4521"}
@string{acns08vol  = "5037"}
@string{acns09vol  = "5536"}
@string{acns10vol  = "6123"}

@string{acns03addr  = ""}
@string{acns04addr  = ""}
@string{acns05addr  = ""}
@string{acns06addr  = ""}
@string{acns07addr  = ""}
@string{acns08addr  = ""}
@string{acns09addr  = ""}
@string{acns10addr  = ""}

@string{acns03month  = oct}
@string{acns04month  = jun}
@string{acns05month  = jun}
@string{acns06month  = jun}
@string{acns07month  = jun}
@string{acns08month  = jun}
@string{acns09month  = ""}
@string{acns10month  = ""}

%------------------------------------------------------------------
%                           CANS
%------------------------------------------------------------------

@string{cansname = "\ifnum\shortbib=0{International Conference on Cryptology and Network Security}\fi"}
@string{canspub = springer}

@string{cans05  = "CANS05"}
@string{cans06  = "CANS06"}
@string{cans07  = "CANS07"}
@string{cans08  = "CANS08"}
@string{cans09  = "CANS09"}
@string{cans10  = "CANS10"}

@string{cans05key  = "CANS 2005"}
@string{cans06key  = "CANS 2006"}
@string{cans07key  = "CANS 2007"}
@string{cans08key  = "CANS 2008"}
@string{cans09key  = "CANS 2009"}
@string{cans10key  = "CANS 2010"}

@string{cans05name  = "CANS 05\ifnum\shortbib=0{: 4th }\fi" # cansname}
@string{cans06name  = "CANS 06\ifnum\shortbib=0{: 5th }\fi" # cansname}
@string{cans07name  = "CANS 07\ifnum\shortbib=0{: 6th }\fi" # cansname}
@string{cans08name  = "CANS 08\ifnum\shortbib=0{: 7th }\fi" # cansname}
@string{cans09name  = "Cryptology and Network Security (CANS~'09)"}
@string{cans10name  = "CANS 10\ifnum\shortbib=0{: 9th }\fi" # cansname}

@string{cans05ed  = "Yvo Desmedt and Huaxiong Wang and Yi Mu and Yongqing Li"}
@string{cans06ed  = "David Pointcheval and Yi Mu and Kefei Chen"}
@string{cans07ed  = "Feng Bao and San Ling and Tatsuaki Okamoto and Huaxiong Wang and Chaoping Xing"}
@string{cans08ed  = ""}
@string{cans09ed  = ""}
@string{cans10ed  = ""}

@string{cans05vol  = "3810"}
@string{cans06vol  = "4301"}
@string{cans07vol  = "4856"}
@string{cans08vol  = ""}
@string{cans09vol  = "5888"}
@string{cans10vol  = ""}

@string{cans05addr  = ""}
@string{cans06addr  = ""}
@string{cans07addr  = ""}
@string{cans08addr  = ""}
@string{cans09addr  = ""}
@string{cans10addr  = ""}

@string{cans05month  = dec}
@string{cans06month  = dec}
@string{cans07month  = dec}
@string{cans08month  = ""}
@string{cans09month  = ""}
@string{cans10month  = ""}

%------------------------------------------------------------------
%                           ICALP
%------------------------------------------------------------------

@string{icalpname = "\ifnum\shortbib=0{Intl.\ Colloquium on Automata, Languages, and Programming (ICALP)}\fi"}
@string{icalppub = springer}

@string{icalp72 = "ICALP72"}
@string{icalp74 = "ICALP74"}
@string{icalp76 = "ICALP76"}
@string{icalp77 = "ICALP77"}
@string{icalp78 = "ICALP78"}
@string{icalp79 = "ICALP79"}
@string{icalp80 = "ICALP80"}
@string{icalp81 = "ICALP81"}
@string{icalp82 = "ICALP82"}
@string{icalp83 = "ICALP83"}
@string{icalp84 = "ICALP84"}
@string{icalp85 = "ICALP85"}
@string{icalp86 = "ICALP86"}
@string{icalp87 = "ICALP87"}
@string{icalp88 = "ICALP88"}
@string{icalp89 = "ICALP89"}
@string{icalp90 = "ICALP90"}
@string{icalp91 = "ICALP91"}
@string{icalp92 = "ICALP92"}
@string{icalp93 = "ICALP93"}
@string{icalp94 = "ICALP94"}
@string{icalp95 = "ICALP95"}
@string{icalp96 = "ICALP96"}
@string{icalp97 = "ICALP97"}
@string{icalp98 = "ICALP98"}
@string{icalp99 = "ICALP99"}
@string{icalp00 = "ICALP00"}
@string{icalp01 = "ICALP01"}
@string{icalp02 = "ICALP02"}
@string{icalp03 = "ICALP03"}
@string{icalp04 = "ICALP04"}
@string{icalp05 = "ICALP05"}
@string{icalp06-1 = "ICALP06-1"}
@string{icalp06-2 = "ICALP06-2"}
@string{icalp07 = "ICALP07"}
@string{icalp08 = "ICALP08"}
@string{icalp09 = "ICALP09"}
@string{icalp10 = "ICALP10"}

@string{icalp72key = "ICALP 1972"}
@string{icalp74key = "ICALP 1974"}
@string{icalp76key = "ICALP 1976"}
@string{icalp77key = "ICALP 1977"}
@string{icalp78key = "ICALP 1978"}
@string{icalp79key = "ICALP 1979"}
@string{icalp80key = "ICALP 1980"}
@string{icalp81key = "ICALP 1981"}
@string{icalp82key = "ICALP 1982"}
@string{icalp83key = "ICALP 1983"}
@string{icalp84key = "ICALP 1984"}
@string{icalp85key = "ICALP 1985"}
@string{icalp86key = "ICALP 1986"}
@string{icalp87key = "ICALP 1987"}
@string{icalp88key = "ICALP 1988"}
@string{icalp89key = "ICALP 1989"}
@string{icalp90key = "ICALP 1990"}
@string{icalp91key = "ICALP 1991"}
@string{icalp92key = "ICALP 1992"}
@string{icalp93key = "ICALP 1993"}
@string{icalp94key = "ICALP 1994"}
@string{icalp95key = "ICALP 1995"}
@string{icalp96key = "ICALP 1996"}
@string{icalp97key = "ICALP 1997"}
@string{icalp98key = "ICALP 1998"}
@string{icalp99key = "ICALP 1999"}
@string{icalp00key = "ICALP 2000"}
@string{icalp01key = "ICALP 2001"}
@string{icalp02key = "ICALP 2002"}
@string{icalp03key = "ICALP 2003"}
@string{icalp04key = "ICALP 2004"}
@string{icalp05key = "ICALP 2005"}
@string{icalp06key1 = "ICALP 2006, Part I"}
@string{icalp06key2 = "ICALP 2006, Part II"}
@string{icalp07key = "ICALP 2007"}
@string{icalp08key = "ICALP 2008"}
@string{icalp09key = "ICALP 2009"}
@string{icalp10key = "ICALP 2010"}

@string{icalp72name  = "ICALP 72\ifnum\shortbib=0{: 1st }\fi" # icalpname}
@string{icalp74name  = "ICALP 74\ifnum\shortbib=0{: 2nd }\fi" # icalpname}
@string{icalp76name  = "ICALP 76\ifnum\shortbib=0{: 3rd }\fi" # icalpname}
@string{icalp77name  = "ICALP 77\ifnum\shortbib=0{: 4th }\fi" # icalpname}
@string{icalp78name  = "ICALP 78\ifnum\shortbib=0{: 5th }\fi" # icalpname}
@string{icalp79name  = "ICALP 79\ifnum\shortbib=0{: 6th }\fi" # icalpname}
@string{icalp80name  = "ICALP 80\ifnum\shortbib=0{: 7th }\fi" # icalpname}
@string{icalp81name  = "ICALP 81\ifnum\shortbib=0{: 8th }\fi" # icalpname}
@string{icalp82name  = "ICALP 82\ifnum\shortbib=0{: 9th }\fi" # icalpname}
@string{icalp83name  = "ICALP 83\ifnum\shortbib=0{: 10th }\fi" # icalpname}
@string{icalp84name  = "ICALP 84\ifnum\shortbib=0{: 11st }\fi" # icalpname}
@string{icalp85name  = "ICALP 85\ifnum\shortbib=0{: 12nd }\fi" # icalpname}
@string{icalp86name  = "ICALP 86\ifnum\shortbib=0{: 13rd }\fi" # icalpname}
@string{icalp87name  = "ICALP 87\ifnum\shortbib=0{: 14th }\fi" # icalpname}
@string{icalp88name  = "ICALP 88\ifnum\shortbib=0{: 15th }\fi" # icalpname}
@string{icalp89name  = "ICALP 89\ifnum\shortbib=0{: 16th }\fi" # icalpname}
@string{icalp90name  = "ICALP 90\ifnum\shortbib=0{: 17th }\fi" # icalpname}
@string{icalp91name  = "ICALP 91\ifnum\shortbib=0{: 18th }\fi" # icalpname}
@string{icalp92name  = "ICALP 92\ifnum\shortbib=0{: 19th }\fi" # icalpname}
@string{icalp93name  = "ICALP 93\ifnum\shortbib=0{: 20th }\fi" # icalpname}
@string{icalp94name  = "ICALP 94\ifnum\shortbib=0{: 21st }\fi" # icalpname}
@string{icalp95name  = "ICALP 95\ifnum\shortbib=0{: 22nd }\fi" # icalpname}
@string{icalp96name  = "ICALP 96\ifnum\shortbib=0{: 23rd }\fi" # icalpname}
@string{icalp97name  = "ICALP 97\ifnum\shortbib=0{: 24th }\fi" # icalpname}
@string{icalp98name  = "ICALP 98\ifnum\shortbib=0{: 25th }\fi" # icalpname}
@string{icalp99name  = "\ifnum\shortbib=0{26th }\fi" # icalpname}
@string{icalp00name  = "\ifnum\shortbib=0{27th }\fi" # icalpname}
@string{icalp01name  = "ICALP 2001\ifnum\shortbib=0{: 28th }\fi" # icalpname}
@string{icalp02name  = "ICALP 2002\ifnum\shortbib=0{: 29th }\fi" # icalpname}
@string{icalp03name  = "ICALP 2003\ifnum\shortbib=0{: 30th }\fi" # icalpname}
@string{icalp04name  = "ICALP 2004\ifnum\shortbib=0{: 31st }\fi" # icalpname}
@string{icalp05name  = "ICALP 2005\ifnum\shortbib=0{: 32nd }\fi" # icalpname}
@string{icalp06name1 = "ICALP 2006\ifnum\shortbib=0{: 33rd }\fi" # icalpname # ", Part I"}
@string{icalp06name2 = "\ifnum\shortbib=0{33rd }\fi" # icalpname # ", Part II"}
@string{icalp07name  = "ICALP 2007\ifnum\shortbib=0{: 34th }\fi" # icalpname}
@string{icalp08name1  = "\ifnum\shortbib=0{35th }\fi" # icalpname # ", Part I"}
@string{icalp08name2  = "\ifnum\shortbib=0{35th }\fi" # icalpname # ", Part II"}
@string{icalp09name  = "ICALP 2009\ifnum\shortbib=0{: 36th }\fi" # icalpname}
@string{icalp10name  = "ICALP 2010\ifnum\shortbib=0{: 37th }\fi" # icalpname}

@string{icalp72ed  = "Maurice Nivat"}
@string{icalp74ed  = "Jacques Loeckx"}
@string{icalp76ed  = "S. Michaelson and Robin Milner"}
@string{icalp77ed  = "Arto Salomaa and Magnus Steinby"}
@string{icalp78ed  = "Giorgio Ausiello and Corrado B{\"o}hm"}
@string{icalp79ed  = "Hermann A. Maurer"}
@string{icalp80ed  = "J. W. {de Bakker} and Jan {van Leeuwen}"}
@string{icalp81ed  = "Shimon Even and Oded Kariv"}
@string{icalp82ed  = "Mogens Nielsen and Erik Meineche Schmidt"}
@string{icalp83ed  = "Josep D{\'i}az"}
@string{icalp84ed  = "Jan Paredaens"}
@string{icalp85ed  = "Wilfried Brauer"}
@string{icalp86ed  = "Laurent Kott"}
@string{icalp87ed  = "Thomas Ottmann"}
@string{icalp88ed  = "Timo Lepist{\"o} and Arto Salomaa"}
@string{icalp89ed  = "Giorgio Ausiello and Mariangiola Dezani-Ciancaglini and Simona Ronchi Della Rocca"}
@string{icalp90ed  = "Mike Paterson"}
@string{icalp91ed  = "Javier Leach Albert and Burkhard Monien and Mario Rodr{\'i}guez-Artalejo"}
@string{icalp92ed  = "Werner Kuich"}
@string{icalp93ed  = "Andrzej Lingas and Rolf G. Karlsson and Svante Carlsson"}
@string{icalp94ed  = "Serge Abiteboul and Eli Shamir"}
@string{icalp95ed  = "Zolt{\'a}n F{\"u}l{\"o}p and Ferenc G{\'e}cseg"}
@string{icalp96ed  = "Friedhelm Meyer {auf der Heide} and Burkhard Monien"}
@string{icalp97ed  = "Pierpaolo Degano and Roberto Gorrieri and Alberto Marchetti-Spaccamela"}
@string{icalp98ed  = "Kim Guldstrand Larsen and Sven Skyum and Glynn Winskel"}
@string{icalp99ed  = "Jir{\'i} Wiedermann and Peter {van Emde Boas} and Mogens Nielsen"}
@string{icalp00ed  = "Ugo Montanari and Jos{\'e} D. P. Rolim and Emo Welzl"}
@string{icalp01ed  = "Fernando Orejas and Paul G. Spirakis and Jan {van Leeuwen}"}
@string{icalp02ed  = "Peter Widmayer and Francisco Triguero Ruiz and Rafael Morales Bueno and Matthew Hennessy and Stephan Eidenbenz and Ricardo Conejo"}
@string{icalp03ed  = "Jos C. M. Baeten and Jan Karel Lenstra and Joachim Parrow and Gerhard J. Woeginger"}
@string{icalp04ed  = "Josep D{\'i}az and Juhani Karhum{\"a}ki and Arto Lepist{\"o} and Donald Sannella"}
@string{icalp05ed  = "Lu{\'i}s Caires and Giuseppe F. Italiano and Lu{\'i}s Monteiro and Catuscia Palamidessi and Moti Yung"}
@string{icalp06ed  = "Michele Bugliesi and Bart Preneel and Vladimiro Sassone and Ingo Wegener"}
@string{icalp07ed  = "Lars Arge and Christian Cachin and Tomasz Jurdzinski and Andrzej Tarlecki"}
@string{icalp08ed  = ""}
@string{icalp09ed  = ""}
@string{icalp10ed  = ""}

@string{icalp72vol  = ""}
@string{icalp74vol  = "14"}
@string{icalp76vol  = ""}
@string{icalp77vol  = "52"}
@string{icalp78vol  = "62"}
@string{icalp79vol  = "71"}
@string{icalp80vol  = "85"}
@string{icalp81vol  = "115"}
@string{icalp82vol  = "140"}
@string{icalp83vol  = "154"}
@string{icalp84vol  = "172"}
@string{icalp85vol  = "194"}
@string{icalp86vol  = "226"}
@string{icalp87vol  = "267"}
@string{icalp88vol  = "317"}
@string{icalp89vol  = "372"}
@string{icalp90vol  = "443"}
@string{icalp91vol  = "510"}
@string{icalp92vol  = "623"}
@string{icalp93vol  = "700"}
@string{icalp94vol  = "820"}
@string{icalp95vol  = "944"}
@string{icalp96vol  = "1099"}
@string{icalp97vol  = "1256"}
@string{icalp98vol  = "1443"}
@string{icalp99vol  = "1644"}
@string{icalp00vol  = "1853"}
@string{icalp01vol  = "2076"}
@string{icalp02vol  = "2380"}
@string{icalp03vol  = "2719"}
@string{icalp04vol  = "3142"}
@string{icalp05vol  = "3580"}
@string{icalp06vol1 = "4051"}
@string{icalp06vol2 = "4052"}
@string{icalp07vol  = "4596"}
@string{icalp08vol1  = "5125"}
@string{icalp08vol2  = "5126"}
@string{icalp09vol  = ""}
@string{icalp10vol  = ""}

@string{icalp72addr  = ""}
@string{icalp74addr  = ""}
@string{icalp76addr  = ""}
@string{icalp77addr  = ""}
@string{icalp78addr  = ""}
@string{icalp79addr  = ""}
@string{icalp80addr  = ""}
@string{icalp81addr  = ""}
@string{icalp82addr  = ""}
@string{icalp83addr  = ""}
@string{icalp84addr  = ""}
@string{icalp85addr  = ""}
@string{icalp86addr  = ""}
@string{icalp87addr  = ""}
@string{icalp88addr  = ""}
@string{icalp89addr  = ""}
@string{icalp90addr  = ""}
@string{icalp91addr  = ""}
@string{icalp92addr  = ""}
@string{icalp93addr  = ""}
@string{icalp94addr  = ""}
@string{icalp95addr  = ""}
@string{icalp96addr  = ""}
@string{icalp97addr  = ""}
@string{icalp98addr  = ""}
@string{icalp99addr  = ""}
@string{icalp00addr  = ""}
@string{icalp01addr  = ""}
@string{icalp02addr  = ""}
@string{icalp03addr  = ""}
@string{icalp04addr  = ""}
@string{icalp05addr  = ""}
@string{icalp06addr  = ""}
@string{icalp07addr  = ""}
@string{icalp08addr  = ""}
@string{icalp09addr  = ""}
@string{icalp10addr  = ""}

@string{icalp72month  = jul}
@string{icalp74month  = jul # "~/~" # aug}
@string{icalp76month  = jul}
@string{icalp77month  = jul}
@string{icalp78month  = jul}
@string{icalp79month  = jul}
@string{icalp80month  = jul}
@string{icalp81month  = jul}
@string{icalp82month  = jul}
@string{icalp83month  = jul}
@string{icalp84month  = jul}
@string{icalp85month  = jul}
@string{icalp86month  = jul}
@string{icalp87month  = jul}
@string{icalp88month  = jul}
@string{icalp89month  = jul}
@string{icalp90month  = jul}
@string{icalp91month  = jul}
@string{icalp92month  = jul}
@string{icalp93month  = jul}
@string{icalp94month  = jul}
@string{icalp95month  = jul}
@string{icalp96month  = jul}
@string{icalp97month  = jul}
@string{icalp98month  = jul}
@string{icalp99month  = jul}
@string{icalp00month  = jul}
@string{icalp01month  = jul}
@string{icalp02month  = jul}
@string{icalp03month  = jun # "~/~" # jul}
@string{icalp04month  = jul}
@string{icalp05month  = jul}
@string{icalp06month  = jul}
@string{icalp07month  = jul}
@string{icalp08month  = ""}
@string{icalp09month  = ""}
@string{icalp10month  = ""}

%------------------------------------------------------------------
%                           ICICS
%------------------------------------------------------------------

@string{icicsname = "\ifnum\shortbib=1{}\else{International Conference
on Information and Communication Security}\fi"}
@string{icicspub = springer}

@string{icics97  = "ICICS97"}
@string{icics99  = "ICICS99"}
@string{icics01  = "ICICS01"}
@string{icics02  = "ICICS02"}
@string{icics03  = "ICICS03"}
@string{icics04  = "ICICS04"}
@string{icics05  = "ICICS05"}
@string{icics06  = "ICICS06"}
@string{icics07  = "ICICS07"}
@string{icics08  = "ICICS08"}
@string{icics09  = "ICICS09"}
@string{icics10  = "ICICS10"}

@string{icics97key  = "ICICS 1997"}
@string{icics99key  = "ICICS 1999"}
@string{icics01key  = "ICICS 2001"}
@string{icics02key  = "ICICS 2002"}
@string{icics03key  = "ICICS 2003"}
@string{icics04key  = "ICICS 2004"}
@string{icics05key  = "ICICS 2005"}
@string{icics06key  = "ICICS 2006"}
@string{icics07key  = "ICICS 2007"}
@string{icics08key  = "ICICS 2008"}
@string{icics09key  = "ICICS 2009"}
@string{icics10key  = "ICICS 2010"}

@string{icics97name  = "ICICS 97\ifnum\shortbib=0{: 1st }\fi" # icicsname}
@string{icics99name  = "ICICS 99\ifnum\shortbib=0{: 2nd }\fi" # icicsname}
@string{icics01name  = "ICICS 01\ifnum\shortbib=0{: 3rd }\fi" # icicsname}
@string{icics02name  = "ICICS 02\ifnum\shortbib=0{: 4th }\fi" # icicsname}
@string{icics03name  = "ICICS 03\ifnum\shortbib=0{: 5th }\fi" # icicsname}
@string{icics04name  = "ICICS 04\ifnum\shortbib=0{: 6th }\fi" # icicsname}
@string{icics05name  = "ICICS 05\ifnum\shortbib=0{: 7th }\fi" # icicsname}
@string{icics06name  = "ICICS 06\ifnum\shortbib=0{: 8th }\fi" # icicsname}
@string{icics07name  = "ICICS 07\ifnum\shortbib=0{: 9th }\fi" # icicsname}
@string{icics08name  = "ICICS 08\ifnum\shortbib=0{: 10th }\fi" # icicsname}
@string{icics09name  = "ICICS 09\ifnum\shortbib=0{: 11th }\fi" # icicsname}
@string{icics10name  = "ICICS 10\ifnum\shortbib=0{: 12th }\fi" # icicsname}

@string{icics97ed = "Yongfei Han and Tatsuaki Okamoto and Sihan Qing"}
@string{icics99ed = "Vijay Varadharajan and Yi Mu"}
@string{icics01ed = "Sihan Qing and Tatsuaki Okamoto and Jianying Zhou"}
@string{icics02ed = "Robert H. Deng and Sihan Qing and Feng Bao and Jianying Zhou"}
@string{icics03ed = "Sihan Qing and Dieter Gollmann and Jianying Zhou"}
@string{icics04ed = "Javier L{\'o}pez and Sihan Qing and Eiji Okamoto"}
@string{icics05ed = "Sihan Qing and Wenbo Mao and Javier L{\'o}pez and Guilin Wang"}
@string{icics06ed = "Peng Ning and Sihan Qing and Ninghui Li"}
@string{icics07ed = "Sihan Qing and Hideki Imai and Guilin Wang"}
@string{icics08ed = ""}
@string{icics09ed = ""}
@string{icics10ed = ""}

@string{icics97vol  = "1334"}
@string{icics99vol  = "1726"}
@string{icics01vol  = "2229"}
@string{icics02vol  = "2513"}
@string{icics03vol  = "2836"}
@string{icics04vol  = "3269"}
@string{icics05vol  = "3783"}
@string{icics06vol  = "4307"}
@string{icics07vol  = "4861"}
@string{icics08vol  = ""}
@string{icics09vol  = ""}
@string{icics10vol  = ""}

@string{icics97addr = ""}
@string{icics99addr = ""}
@string{icics01addr = ""}
@string{icics02addr = ""}
@string{icics03addr = ""}
@string{icics04addr = ""}
@string{icics05addr = ""}
@string{icics06addr = ""}
@string{icics07addr = ""}
@string{icics08addr = ""}
@string{icics09addr = ""}
@string{icics10addr = ""}

@string{icics97month = nov}
@string{icics99month = nov}
@string{icics01month = nov}
@string{icics02month = dec}
@string{icics03month = oct}
@string{icics04month = oct}
@string{icics05month = dec}
@string{icics06month = dec}
@string{icics07month = dec}
@string{icics08month = ""}
@string{icics09month = ""}
@string{icics10month = ""}

%------------------------------------------------------------------
%                           ICISC
%------------------------------------------------------------------

@string{iciscname = "\ifnum\shortbib=1{}\else{Intl.\ Conf.\
on Information Security and Cryptology (ICISC)}\fi"}
@string{iciscpub = springer}

@string{icisc98  = "ICISC98"}
@string{icisc99  = "ICISC99"}
@string{icisc00  = "ICISC00"}
@string{icisc01  = "ICISC01"}
@string{icisc02  = "ICISC02"}
@string{icisc03  = "ICISC03"}
@string{icisc04  = "ICISC04"}
@string{icisc05  = "ICISC05"}
@string{icisc06  = "ICISC06"}
@string{icisc07  = "ICISC07"}
@string{icisc08  = "ICISC08"}
@string{icisc09  = "ICISC09"}
@string{icisc10  = "ICISC10"}

@string{icisc98key  = "ICISC 1998"}
@string{icisc99key  = "ICISC 1999"}
@string{icisc00key  = "ICISC 2000"}
@string{icisc01key  = "ICISC 2001"}
@string{icisc02key  = "ICISC 2002"}
@string{icisc03key  = "ICISC 2003"}
@string{icisc04key  = "ICISC 2004"}
@string{icisc05key  = "ICISC 2005"}
@string{icisc06key  = "ICISC 2006"}
@string{icisc07key  = "ICISC 2007"}
@string{icisc08key  = "ICISC 2008"}
@string{icisc09key  = "ICISC 2009"}
@string{icisc10key  = "ICISC 2010"}

@string{icisc98name  = "ICISC 98\ifnum\shortbib=0{: 1st }\fi" # iciscname}
@string{icisc99name  = "ICISC 99\ifnum\shortbib=0{: 2nd }\fi" # iciscname}
@string{icisc00name  = "ICISC 00\ifnum\shortbib=0{: 3rd }\fi" # iciscname}
@string{icisc01name  = "ICISC 01\ifnum\shortbib=0{: 4th }\fi" # iciscname}
@string{icisc02name  = "ICISC 02\ifnum\shortbib=0{: 5th }\fi" # iciscname}
@string{icisc03name  = "ICISC 03\ifnum\shortbib=0{: 6th }\fi" # iciscname}
@string{icisc04name  = "ICISC 04\ifnum\shortbib=0{: 7th }\fi" # iciscname}
@string{icisc05name  = "ICISC 05\ifnum\shortbib=0{: 8th }\fi" # iciscname}
@string{icisc06name  = "ICISC 06\ifnum\shortbib=0{: 9th }\fi" # iciscname}
@string{icisc07name  = "ICISC 07\ifnum\shortbib=0{: 10th }\fi" # iciscname}
@string{icisc08name  = "\ifnum\shortbib=0{11th }\fi" # iciscname}
@string{icisc09name  = "ICISC 09\ifnum\shortbib=0{: 12th }\fi" # iciscname}
@string{icisc10name  = "ICISC 10\ifnum\shortbib=0{: 13th }\fi" # iciscname}

@string{icisc98ed = ""}
@string{icisc99ed = "JooSeok Song"}
@string{icisc00ed = "Dongho Won"}
@string{icisc01ed = "Kwangjo Kim"}
@string{icisc02ed = "Pil Joong Lee and Chae Hoon Lim"}
@string{icisc03ed = "Jong In Lim and Dong Hoon Lee"}
@string{icisc04ed = "Choonsik Park and Seongtaek Chee"}
@string{icisc05ed = "Dongho Won and Seungjoo Kim"}
@string{icisc06ed = "Min Surp Rhee and Byoungcheon Lee"}
@string{icisc07ed = "Kil-Hyun Nam and Gwangsoo Rhee"}
@string{icisc08ed = ""}
@string{icisc09ed = ""}
@string{icisc10ed = ""}

@string{icisc98vol  = ""}
@string{icisc99vol  = "1787"}
@string{icisc00vol  = "2015"}
@string{icisc01vol  = "2288"}
@string{icisc02vol  = "2587"}
@string{icisc03vol  = "2971"}
@string{icisc04vol  = "3506"}
@string{icisc05vol  = "3935"}
@string{icisc06vol  = "4296"}
@string{icisc07vol  = "4817"}
@string{icisc08vol  = "5461"}
@string{icisc09vol  = ""}
@string{icisc10vol  = ""}

@string{icisc98addr = ""}
@string{icisc99addr = ""}
@string{icisc00addr = ""}
@string{icisc01addr = ""}
@string{icisc02addr = ""}
@string{icisc03addr = ""}
@string{icisc04addr = ""}
@string{icisc05addr = ""}
@string{icisc06addr = ""}
@string{icisc07addr = ""}
@string{icisc08addr = ""}
@string{icisc09addr = ""}
@string{icisc10addr = ""}

@string{icisc98month = dec}
@string{icisc99month = dec}
@string{icisc00month = dec}
@string{icisc01month = dec}
@string{icisc02month = nov}
@string{icisc03month = nov}
@string{icisc04month = dec}
@string{icisc05month = dec}
@string{icisc06month = nov # "~/~" # dec}
@string{icisc07month = nov}
@string{icisc08month = ""}
@string{icisc09month = ""}
@string{icisc10month = ""}

%------------------------------------------------------------------
%                           ISC
%------------------------------------------------------------------

@string{iscname_v1 = "\ifnum\shortbib=1{}\else{International Workshop
                      on Information Security}\fi"}
@string{iscname_v2 = "\ifnum\shortbib=1{}\else{International Conference
                      on Information Security}\fi"}
@string{iscpub = springer}

@string{isc97  = "ISC97"}
@string{isc99  = "ISC99"}
@string{isc00  = "ISC00"}
@string{isc01  = "ISC01"}
@string{isc02  = "ISC02"}
@string{isc03  = "ISC03"}
@string{isc04  = "ISC04"}
@string{isc05  = "ISC05"}
@string{isc06  = "ISC06"}
@string{isc07  = "ISC07"}
@string{isc08  = "ISC08"}
@string{isc09  = "ISC09"}
@string{isc10  = "ISC10"}

@string{isc97key  = "ISW 1997"}
@string{isc99key  = "ISW 1999"}
@string{isc00key  = "ISW 2000"}
@string{isc01key  = "ISC 2001"}
@string{isc02key  = "ISC 2002"}
@string{isc03key  = "ISC 2003"}
@string{isc04key  = "ISC 2004"}
@string{isc05key  = "ISC 2005"}
@string{isc06key  = "ISC 2006"}
@string{isc07key  = "ISC 2007"}
@string{isc08key  = "ISC 2008"}
@string{isc09key  = "ISC 2009"}
@string{isc10key  = "ISC 2010"}

@string{isc97name  = "ISW'97\ifnum\shortbib=0{: 1st }\fi" # iscname_v1}
@string{isc99name  = "ISW'99\ifnum\shortbib=0{: 2nd }\fi" # iscname_v1}
@string{isc00name  = "ISW~2000\ifnum\shortbib=0{: 3rd }\fi" # iscname_v1}
@string{isc01name  = "ISC~2001\ifnum\shortbib=0{: 4th }\fi" # iscname_v2}
@string{isc02name  = "ISC~2002\ifnum\shortbib=0{: 5th }\fi" # iscname_v2}
@string{isc03name  = "ISC~2003\ifnum\shortbib=0{: 6th }\fi" # iscname_v2}
@string{isc04name  = "ISC~2004\ifnum\shortbib=0{: 7th }\fi" # iscname_v2}
@string{isc05name  = "ISC~2005\ifnum\shortbib=0{: 8th }\fi" # iscname_v2}
@string{isc06name  = "ISC~2006\ifnum\shortbib=0{: 9th }\fi" # iscname_v2}
@string{isc07name  = "ISC~2007\ifnum\shortbib=0{: 10th }\fi" # iscname_v2}
@string{isc08name  = "ISC~2008\ifnum\shortbib=0{: 11th }\fi" # iscname_v2}
@string{isc09name  = "ISC~2009\ifnum\shortbib=0{: 12th }\fi" # iscname_v2}
@string{isc10name  = "ISC~2010\ifnum\shortbib=0{: 13th }\fi" # iscname_v2}

@string{isc97ed  = "Eiji Okamoto and George I. Davida and Masahiro Mambo"}
@string{isc99ed  = "Masahiro Mambo and Yuliang Zheng"}
@string{isc00ed  = "Josef Pieprzyk and Eiji Okamoto and Jennifer Seberry"}
@string{isc01ed  = "George I. Davida and Yair Frankel"}
@string{isc02ed  = "Agnes Hui Chan and Virgil D. Gligor"}
@string{isc03ed  = "Colin Boyd and Wenbo Mao"}
@string{isc04ed  = "Kan Zhang and Yuliang Zheng"}
@string{isc05ed  = "Jianying Zhou and Javier Lopez and Robert H. Deng and Feng Bao"}
@string{isc06ed  = "Sokratis K. Katsikas and Javier Lopez and Michael Backes and Stefanos Gritzalis and Bart Preneel"}
@string{isc07ed  = "Juan A. Garay and Arjen K. Lenstra and Masahiro Mambo and Ren{\'e} Peralta"}
@string{isc08ed  = ""}
@string{isc09ed  = ""}
@string{isc10ed  = ""}

@string{isc97vol  = "1396"}
@string{isc99vol  = "1729"}
@string{isc00vol  = "1975"}
@string{isc01vol  = "2200"}
@string{isc02vol  = "2433"}
@string{isc03vol  = "2851"}
@string{isc04vol  = "3225"}
@string{isc05vol  = "3650"}
@string{isc06vol  = "4176"}
@string{isc07vol  = "4779"}
@string{isc08vol  = ""}
@string{isc09vol  = ""}
@string{isc10vol  = ""}

@string{isc97addr  = ""}
@string{isc99addr  = ""}
@string{isc00addr  = ""}
@string{isc01addr  = ""}
@string{isc02addr  = ""}
@string{isc03addr  = ""}
@string{isc04addr  = ""}
@string{isc05addr  = ""}
@string{isc06addr  = ""}
@string{isc07addr  = ""}
@string{isc08addr  = ""}
@string{isc09addr  = ""}
@string{isc10addr  = ""}

@string{isc97month  = sep}
@string{isc99month  = nov}
@string{isc00month  = dec}
@string{isc01month  = oct}
@string{isc02month  = sep # "~/~" # oct}
@string{isc03month  = oct}
@string{isc04month  = sep}
@string{isc05month  = sep}
@string{isc06month  = aug # "~/~" # sep}
@string{isc07month  = oct}
@string{isc08month  = ""}
@string{isc09month  = ""}
@string{isc10month  = ""}

%------------------------------------------------------------------
%                           ICCSA
%------------------------------------------------------------------

@string{iccsaname = "\ifnum\shortbib=1{}\else{Computational Science and Its Applications}\fi"}
@string{iccsapub = springer}

@string{iccsa03-1  = "ICCSA03-1"}
@string{iccsa03-2  = "ICCSA03-2"}
@string{iccsa03-3  = "ICCSA03-3"}
@string{iccsa04-1  = "ICCSA04-1"}
@string{iccsa04-2  = "ICCSA04-2"}
@string{iccsa04-3  = "ICCSA04-3"}
@string{iccsa04-4  = "ICCSA04-4"}
@string{iccsa05-1  = "ICCSA05-1"}
@string{iccsa05-2  = "ICCSA05-2"}
@string{iccsa05-3  = "ICCSA05-3"}
@string{iccsa05-4  = "ICCSA05-4"}
@string{iccsa06-1  = "ICCSA06-1"}
@string{iccsa06-2  = "ICCSA06-2"}
@string{iccsa06-3  = "ICCSA06-3"}
@string{iccsa06-4  = "ICCSA06-4"}
@string{iccsa06-5  = "ICCSA06-5"}
@string{iccsa07-1  = "ICCSA07-1"}
@string{iccsa07-2  = "ICCSA07-2"}
@string{iccsa07-3  = "ICCSA07-3"}

@string{iccsa03key1  = "ICCSA 2003, Part I"}
@string{iccsa03key2  = "ICCSA 2003, Part II"}
@string{iccsa03key3  = "ICCSA 2003, Part III"}
@string{iccsa04key1  = "ICCSA 2004, Part I"}
@string{iccsa04key2  = "ICCSA 2004, Part II"}
@string{iccsa04key3  = "ICCSA 2004, Part III"}
@string{iccsa04key4  = "ICCSA 2004, Part IV"}
@string{iccsa05key1  = "ICCSA 2005, Part I"}
@string{iccsa05key2  = "ICCSA 2005, Part II"}
@string{iccsa05key3  = "ICCSA 2005, Part III"}
@string{iccsa05key4  = "ICCSA 2005, Part IV"}
@string{iccsa06key1  = "ICCSA 2006, Part I"}
@string{iccsa06key2  = "ICCSA 2006, Part II"}
@string{iccsa06key3  = "ICCSA 2006, Part III"}
@string{iccsa06key4  = "ICCSA 2006, Part IV"}
@string{iccsa06key5  = "ICCSA 2006, Part V"}
@string{iccsa07key1  = "ICCSA 2007, Part I"}
@string{iccsa07key2  = "ICCSA 2007, Part II"}
@string{iccsa07key3  = "ICCSA 2007, Part III"}

@string{iccsa03name1  = "ICCSA 03\ifnum\shortbib=0{: 1st }\fi" # iccsaname # ", Part I"}
@string{iccsa03name2  = "ICCSA 03\ifnum\shortbib=0{: 1st }\fi" # iccsaname # ", Part II"}
@string{iccsa03name3  = "ICCSA 03\ifnum\shortbib=0{: 1st }\fi" # iccsaname # ", Part III"}
@string{iccsa04name1  = "ICCSA 04\ifnum\shortbib=0{: 2nd }\fi" # iccsaname # ", Part I"}
@string{iccsa04name2  = "ICCSA 04\ifnum\shortbib=0{: 2nd }\fi" # iccsaname # ", Part II"}
@string{iccsa04name3  = "ICCSA 04\ifnum\shortbib=0{: 2nd }\fi" # iccsaname # ", Part III"}
@string{iccsa04name4  = "ICCSA 04\ifnum\shortbib=0{: 2nd }\fi" # iccsaname # ", Part IV"}
@string{iccsa05name1  = "ICCSA 05\ifnum\shortbib=0{: 3rd }\fi" # iccsaname # ", Part I"}
@string{iccsa05name2  = "ICCSA 05\ifnum\shortbib=0{: 3rd }\fi" # iccsaname # ", Part II"}
@string{iccsa05name3  = "ICCSA 05\ifnum\shortbib=0{: 3rd }\fi" # iccsaname # ", Part III"}
@string{iccsa05name4  = "ICCSA 05\ifnum\shortbib=0{: 3rd }\fi" # iccsaname # ", Part IV"}
@string{iccsa06name1  = "ICCSA 06\ifnum\shortbib=0{: 4th }\fi" # iccsaname # ", Part I"}
@string{iccsa06name2  = "ICCSA 06\ifnum\shortbib=0{: 4th }\fi" # iccsaname # ", Part II"}
@string{iccsa06name3  = "ICCSA 06\ifnum\shortbib=0{: 4th }\fi" # iccsaname # ", Part III"}
@string{iccsa06name4  = "ICCSA 06\ifnum\shortbib=0{: 4th }\fi" # iccsaname # ", Part IV"}
@string{iccsa06name5  = "ICCSA 06\ifnum\shortbib=0{: 4th }\fi" # iccsaname # ", Part V"}
@string{iccsa07name1  = "ICCSA 07\ifnum\shortbib=0{: 5th }\fi" # iccsaname # ", Part I"}
@string{iccsa07name2  = "ICCSA 07\ifnum\shortbib=0{: 5th }\fi" # iccsaname # ", Part II"}
@string{iccsa07name3  = "ICCSA 07\ifnum\shortbib=0{: 5th }\fi" # iccsaname # ", Part III"}

@string{iccsa03ed = "Vipin Kumar and Marina L. Gavrilova and
                     Chih Jeng Kenneth Tan and Pierre {L'Ecuyer}"}
@string{iccsa04ed = "Antonio Lagan{\`a} and Marina L. Gavrilova and
                     Vipin Kumar and Youngsong Mun and
                     Chih Jeng Kenneth Tan and Osvaldo Gervasi"}
@string{iccsa05ed = "Osvaldo Gervasi and Marina L. Gavrilova and
                     Vipin Kumar and Antonio Lagan{\`a} and
                     Heow Pueh Lee and Youngsong Mun and
                     David Taniar and Chih Jeng Kenneth Tan"}
@string{iccsa06ed = "Marina L. Gavrilova and Osvaldo Gervasi and
                     Vipin Kumar and Chih Jeng Kenneth Tan and
                     David Taniar and Antonio Lagan{\`a} and
                     Youngsong Mun and Hyunseung Choo"}
@string{iccsa07ed = "Osvaldo Gervasi and Marina L. Gavrilova"}

@string{iccsa03vol1  = "2667"}
@string{iccsa03vol2  = "2668"}
@string{iccsa03vol3  = "2669"}
@string{iccsa04vol1  = "3043"}
@string{iccsa04vol2  = "3044"}
@string{iccsa04vol3  = "3045"}
@string{iccsa04vol4  = "3046"}
@string{iccsa05vol1  = "3480"}
@string{iccsa05vol2  = "3481"}
@string{iccsa05vol3  = "3482"}
@string{iccsa05vol4  = "3483"}
@string{iccsa06vol1  = "3980"}
@string{iccsa06vol2  = "3981"}
@string{iccsa06vol3  = "3982"}
@string{iccsa06vol4  = "3983"}
@string{iccsa06vol5  = "3984"}
@string{iccsa07vol1  = "4705"}
@string{iccsa07vol2  = "4706"}
@string{iccsa07vol3  = "4707"}

@string{iccsa03addr = ""}
@string{iccsa04addr = ""}
@string{iccsa05addr = ""}
@string{iccsa06addr = ""}
@string{iccsa07addr = ""}

@string{iccsa03month = may}
@string{iccsa04month = may}
@string{iccsa05month = may}
@string{iccsa06month = may}
@string{iccsa07month = aug}

%------------------------------------------------------------------
%                           WISA
%------------------------------------------------------------------

@string{wisaname = "\ifnum\shortbib=0{International Workshop on Information Security Applications}\fi"}
@string{wisapub = springer}

@string{wisa03  = "WISA03"}
@string{wisa04  = "WISA04"}
@string{wisa05  = "WISA05"}
@string{wisa06  = "WISA06"}
@string{wisa07  = "WISA07"}
@string{wisa08  = "WISA08"}
@string{wisa09  = "WISA09"}
@string{wisa10  = "WISA10"}

@string{wisa03key  = "WISA 2003"}
@string{wisa04key  = "WISA 2004"}
@string{wisa05key  = "WISA 2005"}
@string{wisa06key  = "WISA 2006"}
@string{wisa07key  = "WISA 2007"}
@string{wisa08key  = "WISA 2008"}
@string{wisa09key  = "WISA 2009"}
@string{wisa10key  = "WISA 2010"}

@string{wisa03name  = "WISA 03\ifnum\shortbib=0{: 4th }\fi" # wisaname}
@string{wisa04name  = "WISA 04\ifnum\shortbib=0{: 5th }\fi" # wisaname}
@string{wisa05name  = "WISA 05\ifnum\shortbib=0{: 6th }\fi" # wisaname}
@string{wisa06name  = "WISA 06\ifnum\shortbib=0{: 7th }\fi" # wisaname}
@string{wisa07name  = "WISA 07\ifnum\shortbib=0{: 8th }\fi" # wisaname}
@string{wisa08name  = "WISA 08\ifnum\shortbib=0{: 9th }\fi" # wisaname}
@string{wisa09name  = "WISA 09\ifnum\shortbib=0{: 10th }\fi" # wisaname}
@string{wisa10name  = "WISA 10\ifnum\shortbib=0{: 11th }\fi" # wisaname}

@string{wisa03ed  = "Kijoon Chae and Moti Yung"}
@string{wisa04ed  = "Chae Hoon Lim and Moti Yung"}
@string{wisa05ed  = "Jooseok Song and Taekyoung Kwon and Moti Yung"}
@string{wisa06ed  = "Jae-Kwang Lee and Okyeon Yi and Moti Yung"}
@string{wisa07ed  = "Sehun Kim and Moti Yung and Hyung-Woo Lee"}
@string{wisa08ed  = ""}
@string{wisa09ed  = ""}
@string{wisa10ed  = ""}

@string{wisa03vol  = "2908"}
@string{wisa04vol  = "3325"}
@string{wisa05vol  = "3786"}
@string{wisa06vol  = "4298"}
@string{wisa07vol  = "4867"}
@string{wisa08vol  = ""}
@string{wisa09vol  = ""}
@string{wisa10vol  = ""}

@string{wisa03addr  = ""}
@string{wisa04addr  = ""}
@string{wisa05addr  = ""}
@string{wisa06addr  = ""}
@string{wisa07addr  = ""}
@string{wisa08addr  = ""}
@string{wisa09addr  = ""}
@string{wisa10addr  = ""}

@string{wisa03month  = aug}
@string{wisa04month  = aug}
@string{wisa05month  = aug}
@string{wisa06month  = aug}
@string{wisa07month  = aug}
@string{wisa08month  = ""}
@string{wisa09month  = ""}
@string{wisa10month  = ""}

%------------------------------------------------------------------
%                           IWSEC
%------------------------------------------------------------------

@string{iwsecname = "\ifnum\shortbib=0{International Workshop on Security,
Advances in Information and Computer Security}\fi"}
@string{iwsecpub = springer}

@string{iwsec06  = "IWSEC06"}
@string{iwsec07  = "IWSEC07"}
@string{iwsec08  = "IWSEC08"}
@string{iwsec09  = "IWSEC09"}
@string{iwsec10  = "IWSEC10"}

@string{iwsec06key  = "IWSEC 2006"}
@string{iwsec07key  = "IWSEC 2007"}
@string{iwsec08key  = "IWSEC 2008"}
@string{iwsec09key  = "IWSEC 2009"}
@string{iwsec10key  = "IWSEC 2010"}

@string{iwsec06name  = "IWSEC 06\ifnum\shortbib=0{: 1st }\fi" # iwsecname}
@string{iwsec07name  = "IWSEC 07\ifnum\shortbib=0{: 2nd }\fi" # iwsecname}
@string{iwsec08name  = "IWSEC 08\ifnum\shortbib=0{: 3rd }\fi" # iwsecname}
@string{iwsec09name  = "IWSEC 09\ifnum\shortbib=0{: 4th }\fi" # iwsecname}
@string{iwsec10name  = "IWSEC 10\ifnum\shortbib=0{: 5th }\fi" # iwsecname}

@string{iwsec06ed  = "Hiroshi Yoshiura and Kouichi Sakurai and Kai Rannenberg and Yuko Murayama and Shin-ichi Kawamura"}
@string{iwsec07ed  = "Atsuko Miyaji and Hiroaki Kikuchi and Kai Rannenberg"}
@string{iwsec08ed  = ""}
@string{iwsec09ed  = ""}
@string{iwsec10ed  = ""}

@string{iwsec06vol  = "4266"}
@string{iwsec07vol  = "4752"}
@string{iwsec08vol  = ""}
@string{iwsec09vol  = ""}
@string{iwsec10vol  = ""}

@string{iwsec06addr  = ""}
@string{iwsec07addr  = ""}
@string{iwsec08addr  = ""}
@string{iwsec09addr  = ""}
@string{iwsec10addr  = ""}

@string{iwsec06month  = oct}
@string{iwsec07month  = oct}
@string{iwsec08month  = ""}
@string{iwsec09month  = ""}
@string{iwsec10month  = ""}

%------------------------------------------------------------------
%                           TCC
%------------------------------------------------------------------

@string{tccname = "\ifnum\shortbib=1{}\else{Theory of Cryptography Conference --- TCC}\fi"}
@string{tccpub = springer}

@string{tcc04  = "TCC04"}
@string{tcc05  = "TCC05"}
@string{tcc06  = "TCC06"}
@string{tcc07  = "TCC07"}
@string{tcc08  = "TCC08"}
@string{tcc09  = "TCC09"}
@string{tcc10  = "TCC10"}

@string{tcc04key  = "TCC 2004"}
@string{tcc05key  = "TCC 2005"}
@string{tcc06key  = "TCC 2006"}
@string{tcc07key  = "TCC 2007"}
@string{tcc08key  = "TCC 2008"}
@string{tcc09key  = "TCC 2009"}
@string{tcc10key  = "TCC 2010"}

@string{tcc04name  = "\ifnum\shortbib=0{1st }\fi" # tccname # "~2004"}
@string{tcc05name  = "\ifnum\shortbib=0{2nd }\fi" # tccname # "~2005"}
@string{tcc06name  = "\ifnum\shortbib=0{3rd }\fi" # tccname # "~2006"}
@string{tcc07name  = "\ifnum\shortbib=0{4th }\fi" # tccname # "~2007"}
@string{tcc08name  = "\ifnum\shortbib=0{5th }\fi" # tccname # "~2008"}
@string{tcc09name  = "\ifnum\shortbib=0{6th }\fi" # tccname # "~2009"}
@string{tcc10name  = "\ifnum\shortbib=0{7th }\fi" # tccname # "~2010"}
@string{tcc11name  = "\ifnum\shortbib=0{8th }\fi" # tccname # "~2011"}

@string{tcc04ed  = "Moni Naor"}
@string{tcc05ed  = "Joe Kilian"}
@string{tcc06ed  = "Shai Halevi and Tal Rabin"}
@string{tcc07ed  = "Salil P. Vadhan"}
@string{tcc08ed  = "Ran Canetti"}
@string{tcc09ed  = ""}
@string{tcc10ed  = ""}

@string{tcc04vol  = "2951"}
@string{tcc05vol  = "3378"}
@string{tcc06vol  = "3876"}
@string{tcc07vol  = "4392"}
@string{tcc08vol  = "4948"}
@string{tcc09vol  = "5444"}
@string{tcc10vol  = "5978"}
@string{tcc11vol  = "6597"}

@string{tcc04addr  = ""}
@string{tcc05addr  = ""}
@string{tcc06addr  = ""}
@string{tcc07addr  = ""}
@string{tcc08addr  = ""}
@string{tcc09addr  = ""}
@string{tcc10addr  = ""}

@string{tcc04month  = feb}
@string{tcc05month  = feb}
@string{tcc06month  = mar}
@string{tcc07month  = feb}
@string{tcc08month  = mar}
@string{tcc09month  = ""}
@string{tcc10month  = ""}

%------------------------------------------------------------------
%                          Crypto
%------------------------------------------------------------------

@string{cryptoname =
 "\ifnum\shortbib=1{Crypto }\else{Advances in Cryptology --- {Crypto}}\fi"}
@string{cryptopub = springer}

@string{cryptomonth = aug}
@string{crypto96month = ""}
@string{crypto99month = ""}
@string{cryptoaddr = ""}

@string{crypto81  = "Crypto81"}
@string{crypto82  = "Crypto82"}
@string{crypto83  = "Crypto83"}
@string{crypto84  = "Crypto84"}
@string{crypto85  = "Crypto85"}
@string{crypto86  = "Crypto86"}
@string{crypto87  = "Crypto87"}
@string{crypto88  = "Crypto88"}
@string{crypto89  = "Crypto89"}
@string{crypto90  = "Crypto90"}
@string{crypto91  = "Crypto91"}
@string{crypto92  = "Crypto92"}
@string{crypto93  = "Crypto93"}
@string{crypto94  = "Crypto94"}
@string{crypto95  = "Crypto95"}
@string{crypto96  = "Crypto96"}
@string{crypto97  = "Crypto97"}
@string{crypto98  = "Crypto98"}
@string{crypto99  = "Crypto99"}
@string{crypto00  = "Crypto00"}
@string{crypto01  = "Crypto01"}
@string{crypto02  = "Crypto02"}
@string{crypto03  = "Crypto03"}
@string{crypto04  = "Crypto04"}
@string{crypto05  = "Crypto05"}
@string{crypto06  = "Crypto06"}
@string{crypto07  = "Crypto07"}
@string{crypto08  = "Crypto08"}
@string{crypto09  = "Crypto09"}
@string{crypto10  = "Crypto10"}

@string{crypto81key  = "Crypto 1981"}
@string{crypto82key  = "Crypto 1982"}
@string{crypto83key  = "Crypto 1983"}
@string{crypto84key  = "Crypto 1984"}
@string{crypto85key  = "Crypto 1985"}
@string{crypto86key  = "Crypto 1986"}
@string{crypto87key  = "Crypto 1987"}
@string{crypto88key  = "Crypto 1988"}
@string{crypto89key  = "Crypto 1989"}
@string{crypto90key  = "Crypto 1990"}
@string{crypto91key  = "Crypto 1991"}
@string{crypto92key  = "Crypto 1992"}
@string{crypto93key  = "Crypto 1993"}
@string{crypto94key  = "Crypto 1994"}
@string{crypto95key  = "Crypto 1995"}
@string{crypto96key  = "Crypto 1996"}
@string{crypto97key  = "Crypto 1997"}
@string{crypto98key  = "Crypto 1998"}
@string{crypto99key  = "Crypto 1999"}
@string{crypto00key  = "Crypto 2000"}
@string{crypto01key  = "Crypto 2001"}
@string{crypto02key  = "Crypto 2002"}
@string{crypto03key  = "Crypto 2003"}
@string{crypto04key  = "Crypto 2004"}
@string{crypto05key  = "Crypto 2005"}
@string{crypto06key  = "Crypto 2006"}
@string{crypto07key  = "Crypto 2007"}
@string{crypto08key  = "Crypto 2008"}
@string{crypto09key  = "Crypto 2009"}
@string{crypto10key  = "Crypto 2010"}

@string{crypto81name  = cryptoname # "~'81"}
@string{crypto82name  = cryptoname # "~'82"}
@string{crypto83name  = cryptoname # "~'83"}
@string{crypto84name  = cryptoname # "~'84"}
@string{crypto85name  = cryptoname # "~'85"}
@string{crypto86name  = cryptoname # "~'86"}
@string{crypto87name  = cryptoname # "~'87"}
@string{crypto88name  = cryptoname # "~'88"}
@string{crypto89name  = cryptoname # "~'89"}
@string{crypto90name  = cryptoname # "~'90"}
@string{crypto91name  = cryptoname # "~'91"}
@string{crypto92name  = cryptoname # "~'92"}
@string{crypto93name  = cryptoname # "~'93"}
@string{crypto94name  = cryptoname # "~'94"}
@string{crypto95name  = cryptoname # "~'95"}
@string{crypto96name  = cryptoname # "~'96"}
@string{crypto97name  = cryptoname # "~'97"}
@string{crypto98name  = cryptoname # "~'98"}
@string{crypto99name  = cryptoname # "~'99"}
@string{crypto00name  = cryptoname # "~2000"}
@string{crypto01name  = cryptoname # "~2001"}
@string{crypto02name  = cryptoname # "~2002"}
@string{crypto03name  = cryptoname # "~2003"}
@string{crypto04name  = cryptoname # "~2004"}
@string{crypto05name  = cryptoname # "~2005"}
@string{crypto06name  = cryptoname # "~2006"}
@string{crypto07name  = cryptoname # "~2007"}
@string{crypto08name  = cryptoname # "~2008"}
@string{crypto09name  = cryptoname # "~2009"}
@string{crypto10name  = cryptoname # "~2010"}
@string{crypto11name  = cryptoname # "~2011"}

@string{crypto81ed  = "Allen Gersho"}
@string{crypto82ed  = "David Chaum and Ronald L. Rivest and Alan T. Sherman"}
@string{crypto83ed  = "David Chaum"}
@string{crypto84ed  = "G. R. Blakley and David Chaum"}
@string{crypto85ed  = "Hugh C. Williams"}
@string{crypto86ed  = "Andrew M. Odlyzko"}
@string{crypto87ed  = "Carl Pomerance"}
@string{crypto88ed  = "Shafi Goldwasser"}
@string{crypto89ed  = "Gilles Brassard"}
@string{crypto90ed  = "Alfred J. Menezes and Scott A. Vanstone"}
@string{crypto91ed  = "Joan Feigenbaum"}
@string{crypto92ed  = "Ernest F. Brickell"}
@string{crypto93ed  = "Douglas R. Stinson"}
@string{crypto94ed  = "Yvo Desmedt"}
@string{crypto95ed  = "Don Coppersmith"}
@string{crypto96ed  = "Neal Koblitz"}
@string{crypto97ed  = "Burton S. Kaliski Jr."}
@string{crypto98ed  = "Hugo Krawczyk"}
@string{crypto99ed  = "Michael J. Wiener"}
@string{crypto00ed  = "Mihir Bellare"}
@string{crypto01ed  = "Joe Kilian"}
@string{crypto02ed  = "Moti Yung"}
@string{crypto03ed  = "Dan Boneh"}
@string{crypto04ed  = "Matthew Franklin"}
@string{crypto05ed  = "Victor Shoup"}
@string{crypto06ed  = "Cynthia Dwork"}
@string{crypto07ed  = "Alfred Menezes"}
@string{crypto08ed  = "David Wagner"}
@string{crypto09ed  = "Shai Halevi"}
@string{crypto10ed  = ""}

@string{crypto81vol  = "ECE Report 82-04"}
@string{crypto82vol  = ""}
@string{crypto83vol  = ""}
@string{crypto84vol  = "196"}
@string{crypto85vol  = "218"}
@string{crypto86vol  = "263"}
@string{crypto87vol  = "293"}
@string{crypto88vol  = "403"}
@string{crypto89vol  = "435"}
@string{crypto90vol  = "537"}
@string{crypto91vol  = "576"}
@string{crypto92vol  = "740"}
@string{crypto93vol  = "773"}
@string{crypto94vol  = "839"}
@string{crypto95vol  = "963"}
@string{crypto96vol  = "1109"}
@string{crypto97vol  = "1294"}
@string{crypto98vol  = "1462"}
@string{crypto99vol  = "1666"}
@string{crypto00vol  = "1880"}
@string{crypto01vol  = "2139"}
@string{crypto02vol  = "2442"}
@string{crypto03vol  = "2729"}
@string{crypto04vol  = "3152"}
@string{crypto05vol  = "3621"}
@string{crypto06vol  = "4117"}
@string{crypto07vol  = "4622"}
@string{crypto08vol  = "5157"}
@string{crypto09vol  = "5677"}
@string{crypto10vol  = "6223"}
@string{crypto11vol  = "6841"}

%------------------------------------------------------------------
%                          Eurocrypt
%------------------------------------------------------------------

@string{eurocryptname  =
 "\ifnum\shortbib=1{Eurocrypt }\else{Advances in Cryptology --- {Eurocrypt}}\fi"}
@string{eurocryptpub = springer}

@string{eurocrypt82  = "Eurocrypt82"}
@string{eurocrypt84  = "Eurocrypt84"}
@string{eurocrypt85  = "Eurocrypt85"}
@string{eurocrypt86  = "Eurocrypt86"}
@string{eurocrypt87  = "Eurocrypt87"}
@string{eurocrypt88  = "Eurocrypt88"}
@string{eurocrypt89  = "Eurocrypt89"}
@string{eurocrypt90  = "Eurocrypt90"}
@string{eurocrypt91  = "Eurocrypt91"}
@string{eurocrypt92  = "Eurocrypt92"}
@string{eurocrypt93  = "Eurocrypt93"}
@string{eurocrypt94  = "Eurocrypt94"}
@string{eurocrypt95  = "Eurocrypt95"}
@string{eurocrypt96  = "Eurocrypt96"}
@string{eurocrypt97  = "Eurocrypt97"}
@string{eurocrypt98  = "Eurocrypt98"}
@string{eurocrypt99  = "Eurocrypt99"}
@string{eurocrypt00  = "Eurocrypt00"}
@string{eurocrypt01  = "Eurocrypt01"}
@string{eurocrypt02  = "Eurocrypt02"}
@string{eurocrypt03  = "Eurocrypt03"}
@string{eurocrypt04  = "Eurocrypt04"}
@string{eurocrypt05  = "Eurocrypt05"}
@string{eurocrypt06  = "Eurocrypt06"}
@string{eurocrypt07  = "Eurocrypt07"}
@string{eurocrypt08  = "Eurocrypt08"}
@string{eurocrypt09  = "Eurocrypt09"}
@string{eurocrypt10  = "Eurocrypt10"}

@string{eurocrypt82key  = "Eurocrypt 1982"}
@string{eurocrypt84key  = "Eurocrypt 1984"}
@string{eurocrypt85key  = "Eurocrypt 1985"}
@string{eurocrypt86key  = "Eurocrypt 1986"}
@string{eurocrypt87key  = "Eurocrypt 1987"}
@string{eurocrypt88key  = "Eurocrypt 1988"}
@string{eurocrypt89key  = "Eurocrypt 1989"}
@string{eurocrypt90key  = "Eurocrypt 1990"}
@string{eurocrypt91key  = "Eurocrypt 1991"}
@string{eurocrypt92key  = "Eurocrypt 1992"}
@string{eurocrypt93key  = "Eurocrypt 1993"}
@string{eurocrypt94key  = "Eurocrypt 1994"}
@string{eurocrypt95key  = "Eurocrypt 1995"}
@string{eurocrypt96key  = "Eurocrypt 1996"}
@string{eurocrypt97key  = "Eurocrypt 1997"}
@string{eurocrypt98key  = "Eurocrypt 1998"}
@string{eurocrypt99key  = "Eurocrypt 1999"}
@string{eurocrypt00key  = "Eurocrypt 2000"}
@string{eurocrypt01key  = "Eurocrypt 2001"}
@string{eurocrypt02key  = "Eurocrypt 2002"}
@string{eurocrypt03key  = "Eurocrypt 2003"}
@string{eurocrypt04key  = "Eurocrypt 2004"}
@string{eurocrypt05key  = "Eurocrypt 2005"}
@string{eurocrypt06key  = "Eurocrypt 2006"}
@string{eurocrypt07key  = "Eurocrypt 2007"}
@string{eurocrypt08key  = "Eurocrypt 2008"}
@string{eurocrypt09key  = "Eurocrypt 2009"}
@string{eurocrypt10key  = "Eurocrypt 2010"}

@string{eurocrypt82name  = eurocryptname # "~'82"}
@string{eurocrypt84name  = eurocryptname # "~'84"}
@string{eurocrypt85name  = eurocryptname # "~'85"}
@string{eurocrypt86name  = eurocryptname # "~'86"}
@string{eurocrypt87name  = eurocryptname # "~'87"}
@string{eurocrypt88name  = eurocryptname # "~'88"}
@string{eurocrypt89name  = eurocryptname # "~'89"}
@string{eurocrypt90name  = eurocryptname # "~'90"}
@string{eurocrypt91name  = eurocryptname # "~'91"}
@string{eurocrypt92name  = eurocryptname # "~'92"}
@string{eurocrypt93name  = eurocryptname # "~'93"}
@string{eurocrypt94name  = eurocryptname # "~'94"}
@string{eurocrypt95name  = eurocryptname # "~'95"}
@string{eurocrypt96name  = eurocryptname # "~'96"}
@string{eurocrypt97name  = eurocryptname # "~'97"}
@string{eurocrypt98name  = eurocryptname # "~'98"}
@string{eurocrypt99name  = eurocryptname # "~'99"}
@string{eurocrypt00name  = eurocryptname # "~2000"}
@string{eurocrypt01name  = eurocryptname # "~2001"}
@string{eurocrypt02name  = eurocryptname # "~2002"}
@string{eurocrypt03name  = eurocryptname # "~2003"}
@string{eurocrypt04name  = eurocryptname # "~2004"}
@string{eurocrypt05name  = eurocryptname # "~2005"}
@string{eurocrypt06name  = eurocryptname # "~2006"}
@string{eurocrypt07name  = eurocryptname # "~2007"}
@string{eurocrypt08name  = eurocryptname # "~2008"}
@string{eurocrypt09name  = eurocryptname # "~2009"}
@string{eurocrypt10name  = eurocryptname # "~2010"}
@string{eurocrypt11name  = eurocryptname # "~2011"}

@string{eurocrypt82ed  = "Thomas Beth"}
@string{eurocrypt84ed  = "Thomas Beth and Norbert Cot and Ingemar Ingemarsson"}
@string{eurocrypt85ed  = "Franz Pichler"}
@string{eurocrypt86ed  = "Ingemar Ingemarsson"}
@string{eurocrypt87ed  = "David Chaum and Wyn L. Price"}
@string{eurocrypt88ed  = "C. G. G{\"u}nther"}
@string{eurocrypt89ed  = "Jean-Jacques Quisquater and Joos Vandewalle"}
@string{eurocrypt90ed  = "Ivan Damg{\aa}rd"}
@string{eurocrypt91ed  = "Donald W. Davies"}
@string{eurocrypt92ed  = "Rainer A. Rueppel"}
@string{eurocrypt93ed  = "Tor Helleseth"}
@string{eurocrypt94ed  = "Alfredo De Santis"}
@string{eurocrypt95ed  = "Louis C. Guillou and Jean-Jacques Quisquater"}
@string{eurocrypt96ed  = "Ueli M. Maurer"}
@string{eurocrypt97ed  = "Walter Fumy"}
@string{eurocrypt98ed  = "Kaisa Nyberg"}
@string{eurocrypt99ed  = "Jacques Stern"}
@string{eurocrypt00ed  = "Bart Preneel"}
@string{eurocrypt01ed  = "Birgit Pfitzmann"}
@string{eurocrypt02ed  = "Lars R. Knudsen"}
@string{eurocrypt03ed  = "Eli Biham"}
@string{eurocrypt04ed  = "Christian Cachin  and Jan Camenisch"}
@string{eurocrypt05ed  = "Ronald Cramer"}
@string{eurocrypt06ed  = "Serge Vaudenay"}
@string{eurocrypt07ed  = "Moni Naor"}
@string{eurocrypt08ed  = "Nigel P. Smart"}
@string{eurocrypt09ed  = "Antoine Joux"}
@string{eurocrypt10ed  = ""}

@string{eurocrypt82vol  = "149"}
@string{eurocrypt84vol  = "209"}
@string{eurocrypt85vol  = "219"}
@string{eurocrypt86vol  = ""}
@string{eurocrypt87vol  = "304"}
@string{eurocrypt88vol  = "330"}
@string{eurocrypt89vol  = "434"}
@string{eurocrypt90vol  = "473"}
@string{eurocrypt91vol  = "547"}
@string{eurocrypt92vol  = "658"}
@string{eurocrypt93vol  = "765"}
@string{eurocrypt94vol  = "950"}
@string{eurocrypt95vol  = "921"}
@string{eurocrypt96vol  = "1070"}
@string{eurocrypt97vol  = "1233"}
@string{eurocrypt98vol  = "1403"}
@string{eurocrypt99vol  = "1592"}
@string{eurocrypt00vol  = "1807"}
@string{eurocrypt01vol  = "2045"}
@string{eurocrypt02vol  = "2332"}
@string{eurocrypt03vol  = "2656"}
@string{eurocrypt04vol  = "3027"}
@string{eurocrypt05vol  = "3494"}
@string{eurocrypt06vol  = "4004"}
@string{eurocrypt07vol  = "4515"}
@string{eurocrypt08vol  = "4965"}
@string{eurocrypt09vol  = "5479"}
@string{eurocrypt10vol  = "6110"}
@string{eurocrypt11vol  = "6632"}

@string{eurocrypt82addr  = ""}
@string{eurocrypt84addr  = ""}
@string{eurocrypt85addr  = ""}
@string{eurocrypt86addr  = ""}
@string{eurocrypt87addr  = ""}
@string{eurocrypt88addr  = ""}
@string{eurocrypt89addr  = ""}
@string{eurocrypt90addr  = ""}
@string{eurocrypt91addr  = ""}
@string{eurocrypt92addr  = ""}
@string{eurocrypt93addr  = ""}
@string{eurocrypt94addr  = ""}
@string{eurocrypt95addr  = ""}
@string{eurocrypt96addr  = ""}
@string{eurocrypt97addr  = ""}
@string{eurocrypt98addr  = ""}
@string{eurocrypt99addr  = ""}
@string{eurocrypt00addr  = ""}
@string{eurocrypt01addr  = ""}
@string{eurocrypt02addr  = ""}
@string{eurocrypt03addr  = ""}
@string{eurocrypt04addr  = ""}
@string{eurocrypt05addr  = ""}
@string{eurocrypt06addr  = ""}
@string{eurocrypt07addr  = ""}
@string{eurocrypt08addr  = ""}
@string{eurocrypt09addr  = ""}
@string{eurocrypt10addr  = ""}


%------------------------------------------------------------------
%                          ASIACRYPT
%------------------------------------------------------------------

@string{asiacryptname  = "\ifnum\shortbib=1{Asiacrypt}\else{Advances in
Cryptology --- {Asiacrypt}}\fi"}
@string{auscryptname  = "\ifnum\shortbib=1{AUSCRYPT}\else{Advances in
Cryptology --- {AUSCRYPT}}\fi"}
@string{asiacryptpub = springer}

@string{asiacrypt90  = "AUSCRYPT90"}
@string{asiacrypt91  = "ASIACRYPT91"}
@string{asiacrypt92  = "AUSCRYPT92"}
@string{asiacrypt93  = "ASIACRYPT93"}
@string{asiacrypt94  = "ASIACRYPT94"}
@string{asiacrypt95  = "ASIACRYPT95"}
@string{asiacrypt96  = "ASIACRYPT96"}
@string{asiacrypt97  = "ASIACRYPT97"}
@string{asiacrypt98  = "ASIACRYPT98"}
@string{asiacrypt99  = "ASIACRYPT99"}
@string{asiacrypt00  = "ASIACRYPT00"}
@string{asiacrypt01  = "ASIACRYPT01"}
@string{asiacrypt02  = "ASIACRYPT02"}
@string{asiacrypt03  = "ASIACRYPT03"}
@string{asiacrypt04  = "ASIACRYPT04"}
@string{asiacrypt05  = "ASIACRYPT05"}
@string{asiacrypt06  = "ASIACRYPT06"}
@string{asiacrypt07  = "ASIACRYPT07"}
@string{asiacrypt08  = "ASIACRYPT08"}
@string{asiacrypt09  = "ASIACRYPT09"}
@string{asiacrypt10  = "ASIACRYPT10"}

@string{asiacrypt90key  = "AUSCRYPT 1990"}
@string{asiacrypt91key  = "ASIACRYPT 1991"}
@string{asiacrypt92key  = "AUSCRYPT 1992"}
@string{asiacrypt93key  = "ASIACRYPT 1993"}
@string{asiacrypt94key  = "ASIACRYPT 1994"}
@string{asiacrypt95key  = "ASIACRYPT 1995"}
@string{asiacrypt96key  = "ASIACRYPT 1996"}
@string{asiacrypt97key  = "ASIACRYPT 1997"}
@string{asiacrypt98key  = "ASIACRYPT 1998"}
@string{asiacrypt99key  = "ASIACRYPT 1999"}
@string{asiacrypt00key  = "ASIACRYPT 2000"}
@string{asiacrypt01key  = "ASIACRYPT 2001"}
@string{asiacrypt02key  = "ASIACRYPT 2002"}
@string{asiacrypt03key  = "ASIACRYPT 2003"}
@string{asiacrypt04key  = "ASIACRYPT 2004"}
@string{asiacrypt05key  = "ASIACRYPT 2005"}
@string{asiacrypt06key  = "ASIACRYPT 2006"}
@string{asiacrypt07key  = "ASIACRYPT 2007"}
@string{asiacrypt08key  = "ASIACRYPT 2008"}
@string{asiacrypt09key  = "ASIACRYPT 2009"}
@string{asiacrypt10key  = "ASIACRYPT 2010"}

@string{asiacrypt90name  = auscryptname  # "'90"}
@string{asiacrypt91name  = asiacryptname # "'91"}
@string{asiacrypt92name  = auscryptname  # "'92"}
@string{asiacrypt93name  = asiacryptname # "'93"}
@string{asiacrypt94name  = asiacryptname # "'94"}
@string{asiacrypt95name  = asiacryptname # "'95"}
@string{asiacrypt96name  = asiacryptname # "'96"}
@string{asiacrypt97name  = asiacryptname # "'97"}
@string{asiacrypt98name  = asiacryptname # "'98"}
@string{asiacrypt99name  = asiacryptname # "'99"}
@string{asiacrypt00name  = asiacryptname # "~2000"}
@string{asiacrypt01name  = asiacryptname # "~2001"}
@string{asiacrypt02name  = asiacryptname # "~2002"}
@string{asiacrypt03name  = asiacryptname # "~2003"}
@string{asiacrypt04name  = asiacryptname # "~2004"}
@string{asiacrypt05name  = asiacryptname # "~2005"}
@string{asiacrypt06name  = asiacryptname # "~2006"}
@string{asiacrypt07name  = asiacryptname # "~2007"}
@string{asiacrypt08name  = asiacryptname # "~2008"}
@string{asiacrypt09name  = asiacryptname # "~2009"}
@string{asiacrypt10name  = asiacryptname # "~2010"}

@string{asiacrypt90ed  = "Jennifer Seberry and Josef Pieprzyk"}
@string{asiacrypt91ed  = "Hideki Imai and Ronald L. Rivest and Tsutomu Matsumoto"}
@string{asiacrypt92ed  = "Jennifer Seberry and Yuliang Zheng"}
@string{asiacrypt93ed  = ""}
@string{asiacrypt94ed  = "Josef Pieprzyk and Reihaneh Safavi-Naini"}
@string{asiacrypt95ed  = ""}
@string{asiacrypt96ed  = "Kwangjo Kim and Tsutomu Matsumoto"}
@string{asiacrypt97ed  = ""}
@string{asiacrypt98ed  = "Kazuo Ohta and Dingyi Pei"}
@string{asiacrypt99ed  = "Kwok-Yan Lam and Eiji Okamoto and Chaoping Xing"}
@string{asiacrypt00ed  = "Tatsuaki Okamoto"}
@string{asiacrypt01ed  = "Colin Boyd"}
@string{asiacrypt02ed  = "Yuliang Zheng"}
@string{asiacrypt03ed  = "Chi-Sung Laih"}
@string{asiacrypt04ed  = "Pil Joong Lee"}
@string{asiacrypt05ed  = "Bimal K. Roy"}
@string{asiacrypt06ed  = "Xuejia Lai and Kefei Chen"}
@string{asiacrypt07ed  = "Kaoru Kurosawa"}
@string{asiacrypt08ed  = "Josef Pieprzyk"}
@string{asiacrypt09ed  = ""}
@string{asiacrypt10ed  = ""}

@string{asiacrypt90vol  = "453"}
@string{asiacrypt91vol  = "739"}
@string{asiacrypt92vol  = "718"}
@string{asiacrypt93vol  = ""}
@string{asiacrypt94vol  = "917"}
@string{asiacrypt95vol  = ""}
@string{asiacrypt96vol  = "1163"}
@string{asiacrypt97vol  = ""}
@string{asiacrypt98vol  = "1514"}
@string{asiacrypt99vol  = "1716"}
@string{asiacrypt00vol  = "1976"}
@string{asiacrypt01vol  = "2248"}
@string{asiacrypt02vol  = "2501"}
@string{asiacrypt03vol  = "2894"}
@string{asiacrypt04vol  = "3329"}
@string{asiacrypt05vol  = "3788"}
@string{asiacrypt06vol  = "4284"}
@string{asiacrypt07vol  = "4833"}
@string{asiacrypt08vol  = "5350"}
@string{asiacrypt09vol  = "5912"}
@string{asiacrypt10vol  = "6477"}

@string{asiacrypt90addr  = ""}
@string{asiacrypt91addr  = ""}
@string{asiacrypt92addr  = ""}
@string{asiacrypt93addr  = ""}
@string{asiacrypt94addr  = ""}
@string{asiacrypt95addr  = ""}
@string{asiacrypt96addr  = ""}
@string{asiacrypt97addr  = ""}
@string{asiacrypt98addr  = ""}
@string{asiacrypt99addr  = ""}
@string{asiacrypt00addr  = ""}
@string{asiacrypt01addr  = ""}
@string{asiacrypt02addr  = ""}
@string{asiacrypt03addr  = ""}
@string{asiacrypt04addr  = ""}
@string{asiacrypt05addr  = ""}
@string{asiacrypt06addr  = ""}
@string{asiacrypt07addr  = ""}
@string{asiacrypt08addr  = ""}
@string{asiacrypt09addr  = ""}
@string{asiacrypt10addr  = ""}

@string{asiacrypt91month  = nov}
@string{asiacrypt92month  = dec}
@string{asiacrypt93month  = dec}
@string{asiacrypt94month  = nov # "~/~" # dec}
@string{asiacrypt95month  = dec}
@string{asiacrypt96month  = nov}
@string{asiacrypt97month  = dec}
@string{asiacrypt98month  = oct}
@string{asiacrypt99month  = nov}
@string{asiacrypt00month  = dec}
@string{asiacrypt01month  = dec}
@string{asiacrypt02month  = dec}
@string{asiacrypt03month  = nov # "~/~" # dec}
@string{asiacrypt04month  = dec}
@string{asiacrypt05month  = dec}
@string{asiacrypt06month  = dec}
@string{asiacrypt07month  = dec}
@string{asiacrypt08month  = dec}
@string{asiacrypt09month  = dec}
@string{asiacrypt10month  = dec}

%------------------------------------------------------------------
%                           FSE
%------------------------------------------------------------------

@string{fsename  = "\ifnum\shortbib=1{FSE}\else{Fast Software
Encryption -- {FSE}}\fi"}
@string{fsepub = springer}

@string{fse93  = "FSE93"}
@string{fse94  = "FSE94"}
@string{fse95  = "FSE95"}
@string{fse96  = "FSE96"}
@string{fse97  = "FSE97"}
@string{fse98  = "FSE98"}
@string{fse99  = "FSE99"}
@string{fse00  = "FSE00"}
@string{fse01  = "FSE01"}
@string{fse02  = "FSE02"}
@string{fse03  = "FSE03"}
@string{fse04  = "FSE04"}
@string{fse05  = "FSE05"}
@string{fse06  = "FSE06"}
@string{fse07  = "FSE07"}
@string{fse08  = "FSE08"}
@string{fse09  = "FSE09"}
@string{fse10  = "FSE10"}

@string{fse93key  = "FSE 1993"}
@string{fse94key  = "FSE 1994"}
@string{fse95key  = "FSE 1995"}
@string{fse96key  = "FSE 1996"}
@string{fse97key  = "FSE 1997"}
@string{fse98key  = "FSE 1998"}
@string{fse99key  = "FSE 1999"}
@string{fse00key  = "FSE 2000"}
@string{fse01key  = "FSE 2001"}
@string{fse02key  = "FSE 2002"}
@string{fse03key  = "FSE 2003"}
@string{fse04key  = "FSE 2004"}
@string{fse05key  = "FSE 2005"}
@string{fse06key  = "FSE 2006"}
@string{fse07key  = "FSE 2007"}
@string{fse08key  = "FSE 2008"}
@string{fse09key  = "FSE 2009"}
@string{fse10key  = "FSE 2010"}

@string{fse93name  = fsename # "~'93"}
@string{fse94name  = fsename # "~'94"}
@string{fse95name  = fsename # "~'95"}
@string{fse96name  = fsename # "~'96"}
@string{fse97name  = fsename # "~'97"}
@string{fse98name  = fsename # "~'98"}
@string{fse99name  = fsename # "~'99"}
@string{fse00name  = fsename # "~2000"}
@string{fse01name  = fsename # "~2001"}
@string{fse02name  = fsename # "~2002"}
@string{fse03name  = fsename # "~2003"}
@string{fse04name  = fsename # "~2004"}
@string{fse05name  = fsename # "~2005"}
@string{fse06name  = fsename # "~2006"}
@string{fse07name  = fsename # "~2007"}
@string{fse08name  = fsename # "~2008"}
@string{fse09name  = fsename # "~2009"}
@string{fse10name  = fsename # "~2010"}

@string{fse93ed  = "Ross J. Anderson"}
@string{fse94ed  = "Bart Preneel"}
@string{fse95ed  = ""}
@string{fse96ed  = "Dieter Gollmann"}
@string{fse97ed  = "Eli Biham"}
@string{fse98ed  = "Serge Vaudenay"}
@string{fse99ed  = "Lars R. Knudsen"}
@string{fse00ed  = "Bruce Schneier"}
@string{fse01ed  = "Mitsuru Matsui"}
@string{fse02ed  = "Joan Daemen and Vincent Rijmen"}
@string{fse03ed  = "Thomas Johansson"}
@string{fse04ed  = "Bimal K. Roy and Willi Meier"}
@string{fse05ed  = "Henri Gilbert and Helena Handschuh"}
@string{fse06ed  = "Matthew J. B. Robshaw"}
@string{fse07ed  = "Alex Biryukov"}
@string{fse08ed  = ""}
@string{fse09ed  = ""}
@string{fse10ed  = ""}

@string{fse93vol  = "809"}
@string{fse94vol  = "1008"}
@string{fse95vol  = ""}
@string{fse96vol  = "1039"}
@string{fse97vol  = "1267"}
@string{fse98vol  = "1372"}
@string{fse99vol  = "1636"}
@string{fse00vol  = "1978"}
@string{fse01vol  = "2355"}
@string{fse02vol  = "2365"}
@string{fse03vol  = "2887"}
@string{fse04vol  = "3017"}
@string{fse05vol  = "3557"}
@string{fse06vol  = "4047"}
@string{fse07vol  = "4593"}
@string{fse08vol  = ""}
@string{fse09vol  = ""}
@string{fse10vol  = ""}

@string{fse93addr  = ""}
@string{fse94addr  = ""}
@string{fse95addr  = ""}
@string{fse96addr  = ""}
@string{fse97addr  = ""}
@string{fse98addr  = ""}
@string{fse99addr  = ""}
@string{fse00addr  = ""}
@string{fse01addr  = ""}
@string{fse02addr  = ""}
@string{fse03addr  = ""}
@string{fse04addr  = ""}
@string{fse05addr  = ""}
@string{fse06addr  = ""}
@string{fse07addr  = ""}
@string{fse08addr  = ""}
@string{fse09addr  = ""}
@string{fse10addr  = ""}

@string{fse93month  = dec}
@string{fse94month  = dec}
@string{fse95month  = dec}
@string{fse96month  = feb}
@string{fse97month  = jan}
@string{fse98month  = mar}
@string{fse99month  = mar}
@string{fse00month  = apr}
@string{fse01month  = apr}
@string{fse02month  = feb}
@string{fse03month  = feb}
@string{fse04month  = feb}
@string{fse05month  = feb}
@string{fse06month  = mar}
@string{fse07month  = mar}
@string{fse08month  = ""}
@string{fse09month  = ""}
@string{fse10month  = ""}

%------------------------------------------------------------------
%                           CHES
%------------------------------------------------------------------

@string{chesname  = "\ifnum\shortbib=1{CHES}\else{Cryptographic
Hardware and Embedded Systems  -- {CHES}}\fi"}
@string{chespub = springer}

@string{ches99  = "CHES99"}
@string{ches00  = "CHES00"}
@string{ches01  = "CHES01"}
@string{ches02  = "CHES02"}
@string{ches03  = "CHES03"}
@string{ches04  = "CHES04"}
@string{ches05  = "CHES05"}
@string{ches06  = "CHES06"}
@string{ches07  = "CHES07"}
@string{ches08  = "CHES08"}
@string{ches09  = "CHES09"}
@string{ches10  = "CHES10"}

@string{ches99key  = "CHES 1999"}
@string{ches00key  = "CHES 2000"}
@string{ches01key  = "CHES 2001"}
@string{ches02key  = "CHES 2002"}
@string{ches03key  = "CHES 2003"}
@string{ches04key  = "CHES 2004"}
@string{ches05key  = "CHES 2005"}
@string{ches06key  = "CHES 2006"}
@string{ches07key  = "CHES 2007"}
@string{ches08key  = "CHES 2008"}
@string{ches09key  = "CHES 2009"}
@string{ches10key  = "CHES 2010"}

@string{ches99name  = chesname # "'99"}
@string{ches00name  = chesname # "~2000"}
@string{ches01name  = chesname # "~2001"}
@string{ches02name  = chesname # "~2002"}
@string{ches03name  = chesname # "~2003"}
@string{ches04name  = chesname # "~2004"}
@string{ches05name  = chesname # "~2005"}
@string{ches06name  = chesname # "~2006"}
@string{ches07name  = chesname # "~2007"}
@string{ches08name  = chesname # "~2008"}
@string{ches09name  = chesname # "~2009"}
@string{ches10name  = chesname # "~2010"}

@string{ches99ed  = "\c{C}etin Kaya Ko\c{c} and Christof Paar"}
@string{ches00ed  = "\c{C}etin Kaya Ko\c{c} and Christof Paar"}
@string{ches01ed  = "\c{C}etin Kaya Ko\c{c} and David Naccache and Christof Paar "}
@string{ches02ed  = "Burton S. {Kaliski Jr.} and \c{C}etin Kaya Ko\c{c} and Christof Paar"}
@string{ches03ed  = "Colin D. Walter and \c{C}etin Kaya Ko\c{c} and Christof Paar"}
@string{ches04ed  = "Marc Joye and Jean-Jacques Quisquater"}
@string{ches05ed  = "Josyula R. Rao and Berk Sunar"}
@string{ches06ed  = "Louis Goubin and Mitsuru Matsui"}
@string{ches07ed  = "Pascal Paillier and Ingrid Verbauwhede"}
@string{ches08ed  = ""}
@string{ches09ed  = ""}
@string{ches10ed  = ""}

@string{ches99vol  = "1717"}
@string{ches00vol  = "1965"}
@string{ches01vol  = "2162"}
@string{ches02vol  = "2523"}
@string{ches03vol  = "2779"}
@string{ches04vol  = "3156"}
@string{ches05vol  = "3659"}
@string{ches06vol  = "4249"}
@string{ches07vol  = "4727"}
@string{ches08vol  = "5154"}
@string{ches09vol  = ""}
@string{ches10vol  = ""}

@string{ches99addr  = ""}
@string{ches00addr  = ""}
@string{ches01addr  = ""}
@string{ches02addr  = ""}
@string{ches03addr  = ""}
@string{ches04addr  = ""}
@string{ches05addr  = ""}
@string{ches06addr  = ""}
@string{ches07addr  = ""}
@string{ches08addr  = ""}
@string{ches09addr  = ""}
@string{ches10addr  = ""}

@string{ches99month  = aug}
@string{ches00month  = aug}
@string{ches01month  = may}
@string{ches02month  = aug}
@string{ches03month  = sep}
@string{ches04month  = aug}
@string{ches05month  = aug # "~/~" # sep}
@string{ches06month  = oct}
@string{ches07month  = sep}
@string{ches08month  = ""}
@string{ches09month  = ""}
@string{ches10month  = ""}

%------------------------------------------------------------------
%                          PODC
%------------------------------------------------------------------

@string{podcname = "\ifnum\shortbib=1{ACM PODC}\else{Annual ACM Symposium
on Principles of Distributed Computing (PODC)}\fi"}
@string{podcpub = "{ACM} Press"}

@string{podc82  = "PODC82"}
@string{podc83  = "PODC83"}
@string{podc84  = "PODC84"}
@string{podc85  = "PODC85"}
@string{podc86  = "PODC86"}
@string{podc87  = "PODC87"}
@string{podc88  = "PODC88"}
@string{podc89  = "PODC89"}
@string{podc90  = "PODC90"}
@string{podc91  = "PODC91"}
@string{podc92  = "PODC92"}
@string{podc93  = "PODC93"}
@string{podc94  = "PODC94"}
@string{podc95  = "PODC95"}
@string{podc96  = "PODC96"}
@string{podc97  = "PODC97"}
@string{podc98  = "PODC98"}
@string{podc99  = "PODC99"}
@string{podc00  = "PODC00"}
@string{podc01  = "PODC01"}
@string{podc02  = "PODC02"}
@string{podc03  = "PODC03"}
@string{podc04  = "PODC04"}
@string{podc05  = "PODC05"}
@string{podc06  = "PODC06"}
@string{podc07  = "PODC07"}
@string{podc08  = "PODC08"}
@string{podc09  = "PODC09"}
@string{podc10  = "PODC10"}

@string{podc82key  = "PODC 1982"}
@string{podc83key  = "PODC 1983"}
@string{podc84key  = "PODC 1984"}
@string{podc85key  = "PODC 1985"}
@string{podc86key  = "PODC 1986"}
@string{podc87key  = "PODC 1987"}
@string{podc88key  = "PODC 1988"}
@string{podc89key  = "PODC 1989"}
@string{podc90key  = "PODC 1990"}
@string{podc91key  = "PODC 1991"}
@string{podc92key  = "PODC 1992"}
@string{podc93key  = "PODC 1993"}
@string{podc94key  = "PODC 1994"}
@string{podc95key  = "PODC 1995"}
@string{podc96key  = "PODC 1996"}
@string{podc97key  = "PODC 1997"}
@string{podc98key  = "PODC 1998"}
@string{podc99key  = "PODC 1999"}
@string{podc00key  = "PODC 2000"}
@string{podc01key  = "PODC 2001"}
@string{podc02key  = "PODC 2002"}
@string{podc03key  = "PODC 2003"}
@string{podc04key  = "PODC 2004"}
@string{podc05key  = "PODC 2005"}
@string{podc06key  = "PODC 2006"}
@string{podc07key  = "PODC 2007"}
@string{podc08key  = "PODC 2008"}
@string{podc09key  = "PODC 2009"}
@string{podc10key  = "PODC 2010"}

@string{podc82name  = "1st " # podcname}
@string{podc83name  = "2nd " # podcname}
@string{podc84name  = "3rd " # podcname}
@string{podc85name  = "4th " # podcname}
@string{podc86name  = "5th " # podcname}
@string{podc87name  = "6th " # podcname}
@string{podc88name  = "7th " # podcname}
@string{podc89name  = "8th " # podcname}
@string{podc90name  = "9th " # podcname}
@string{podc91name  = "10th " # podcname}
@string{podc92name  = "11th " # podcname}
@string{podc93name  = "12th " # podcname}
@string{podc94name  = "13th " # podcname}
@string{podc95name  = "14th " # podcname}
@string{podc96name  = "15th " # podcname}
@string{podc97name  = "16th " # podcname}
@string{podc98name  = "17th " # podcname}
@string{podc99name  = "18th " # podcname}
@string{podc00name  = "19th " # podcname}
@string{podc01name  = "20th " # podcname}
@string{podc02name  = "21st " # podcname}
@string{podc03name  = "22nd " # podcname}
@string{podc04name  = "23rd " # podcname}
@string{podc05name  = "24th " # podcname}
@string{podc06name  = "25th " # podcname}
@string{podc07name  = "26th " # podcname}
@string{podc08name  = "27th " # podcname}
@string{podc09name  = "28th " # podcname}
@string{podc10name  = "29th " # podcname}

@string{podc82ed = ""}
@string{podc83ed = ""}
@string{podc84ed = ""}
@string{podc85ed = ""}
@string{podc86ed = ""}
@string{podc87ed = ""}
@string{podc88ed = ""}
@string{podc89ed = ""}
@string{podc90ed = ""}
@string{podc91ed = ""}
@string{podc92ed = ""}
@string{podc93ed = ""}
@string{podc94ed = ""}
@string{podc95ed = ""}
@string{podc96ed = ""}
@string{podc97ed = ""}
@string{podc98ed = ""}
@string{podc99ed = ""}
@string{podc00ed = ""}
@string{podc01ed = ""}
@string{podc02ed = ""}
@string{podc03ed = ""}
@string{podc04ed = "Soma Chaudhuri and Shay Kutten"}
@string{podc05ed = "Marcos Kawazoe Aguilera and James Aspnes"}
@string{podc06ed = "Eric Ruppert and Dahlia Malkhi"}
@string{podc07ed = "Indranil Gupta and Roger Wattenhofer"}
@string{podc08ed = ""}
@string{podc09ed = ""}
@string{podc10ed = ""}

@string{podc82addr  = ""}
@string{podc83addr  = ""}
@string{podc84addr  = ""}
@string{podc85addr  = ""}
@string{podc86addr  = ""}
@string{podc87addr  = ""}
@string{podc88addr  = ""}
@string{podc89addr  = ""}
@string{podc90addr  = ""}
@string{podc91addr  = ""}
@string{podc92addr  = ""}
@string{podc93addr  = ""}
@string{podc94addr  = ""}
@string{podc95addr  = ""}
@string{podc96addr  = ""}
@string{podc97addr  = ""}
@string{podc98addr  = ""}
@string{podc99addr  = ""}
@string{podc00addr  = ""}
@string{podc01addr  = ""}
@string{podc02addr  = ""}
@string{podc03addr  = ""}
@string{podc04addr  = ""}
@string{podc05addr  = ""}
@string{podc06addr  = ""}
@string{podc07addr  = ""}
@string{podc08addr  = ""}
@string{podc09addr  = ""}
@string{podc10addr  = ""}

@string{podc82month  = aug}
@string{podc83month  = aug}
@string{podc84month  = aug}
@string{podc85month  = aug}
@string{podc86month  = aug}
@string{podc87month  = aug}
@string{podc88month  = aug}
@string{podc89month  = aug}
@string{podc90month  = aug}
@string{podc91month  = aug}
@string{podc92month  = aug}
@string{podc93month  = aug}
@string{podc94month  = aug}
@string{podc95month  = aug}
@string{podc96month  = aug}
@string{podc97month  = aug}
@string{podc98month  = jun # "~/~" # jul}
@string{podc99month  = may}
@string{podc00month  = jul}
@string{podc01month  = aug}
@string{podc02month  = jul}
@string{podc03month  = jul}
@string{podc04month  = jul}
@string{podc05month  = jul}
@string{podc06month  = jul}
@string{podc07month  = aug}
@string{podc08month  = ""}
@string{podc09month  = ""}
@string{podc10month  = ""}

%------------------------------------------------------------------
%                          FOCS
%------------------------------------------------------------------

@string{focsname = "\ifnum\shortbib=1{FOCS}\else{Annual Symposium on
Foundations of Computer Science (FOCS)}\fi"}
@string{focsed = ""}
@string{focspub = "{IEEE}"}

@string{focs80  = "FOCS80"}
@string{focs81  = "FOCS81"}
@string{focs82  = "FOCS82"}
@string{focs83  = "FOCS83"}
@string{focs84  = "FOCS84"}
@string{focs85  = "FOCS85"}
@string{focs86  = "FOCS86"}
@string{focs87  = "FOCS87"}
@string{focs88  = "FOCS88"}
@string{focs89  = "FOCS89"}
@string{focs90  = "FOCS90"}
@string{focs91  = "FOCS91"}
@string{focs92  = "FOCS92"}
@string{focs93  = "FOCS93"}
@string{focs94  = "FOCS94"}
@string{focs95  = "FOCS95"}
@string{focs96  = "FOCS96"}
@string{focs97  = "FOCS97"}
@string{focs98  = "FOCS98"}
@string{focs99  = "FOCS99"}
@string{focs00  = "FOCS00"}
@string{focs01  = "FOCS01"}
@string{focs02  = "FOCS02"}
@string{focs03  = "FOCS03"}
@string{focs04  = "FOCS04"}
@string{focs05  = "FOCS05"}
@string{focs06  = "FOCS06"}
@string{focs07  = "FOCS07"}
@string{focs08  = "FOCS08"}
@string{focs09  = "FOCS09"}
@string{focs10  = "FOCS10"}

@string{focs80key  = "FOCS 1980"}
@string{focs81key  = "FOCS 1981"}
@string{focs82key  = "FOCS 1982"}
@string{focs83key  = "FOCS 1983"}
@string{focs84key  = "FOCS 1984"}
@string{focs85key  = "FOCS 1985"}
@string{focs86key  = "FOCS 1986"}
@string{focs87key  = "FOCS 1987"}
@string{focs88key  = "FOCS 1988"}
@string{focs89key  = "FOCS 1989"}
@string{focs90key  = "FOCS 1990"}
@string{focs91key  = "FOCS 1991"}
@string{focs92key  = "FOCS 1992"}
@string{focs93key  = "FOCS 1993"}
@string{focs94key  = "FOCS 1994"}
@string{focs95key  = "FOCS 1995"}
@string{focs96key  = "FOCS 1996"}
@string{focs97key  = "FOCS 1997"}
@string{focs98key  = "FOCS 1998"}
@string{focs99key  = "FOCS 1999"}
@string{focs00key  = "FOCS 2000"}
@string{focs01key  = "FOCS 2001"}
@string{focs02key  = "FOCS 2002"}
@string{focs03key  = "FOCS 2003"}
@string{focs04key  = "FOCS 2004"}
@string{focs05key  = "FOCS 2005"}
@string{focs06key  = "FOCS 2006"}
@string{focs07key  = "FOCS 2007"}
@string{focs08key  = "FOCS 2008"}
@string{focs09key  = "FOCS 2009"}
@string{focs10key  = "FOCS 2010"}

@string{focs80name  = "21st " # focsname}
@string{focs81name  = "22nd " # focsname}
@string{focs82name  = "23rd " # focsname}
@string{focs83name  = "24th " # focsname}
@string{focs84name  = "25th " # focsname}
@string{focs85name  = "26th " # focsname}
@string{focs86name  = "27th " # focsname}
@string{focs87name  = "28th " # focsname}
@string{focs88name  = "29th " # focsname}
@string{focs89name  = "30th " # focsname}
@string{focs90name  = "31st " # focsname}
@string{focs91name  = "32nd " # focsname}
@string{focs92name  = "33rd " # focsname}
@string{focs93name  = "34th " # focsname}
@string{focs94name  = "35th " # focsname}
@string{focs95name  = "36th " # focsname}
@string{focs96name  = "37th " # focsname}
@string{focs97name  = "38th " # focsname}
@string{focs98name  = "39th " # focsname}
@string{focs99name  = "40th " # focsname}
@string{focs00name  = "41st " # focsname}
@string{focs01name  = "42nd " # focsname}
@string{focs02name  = "43rd " # focsname}
@string{focs03name  = "44th " # focsname}
@string{focs04name  = "45th " # focsname}
@string{focs05name  = "46th " # focsname}
@string{focs06name  = "47th " # focsname}
@string{focs07name  = "48th " # focsname}
@string{focs08name  = "49th " # focsname}
@string{focs09name  = "50th " # focsname}
@string{focs10name  = "51st " # focsname}

@string{focs80ed  = ""}
@string{focs81ed  = ""}
@string{focs82ed  = ""}
@string{focs83ed  = ""}
@string{focs84ed  = ""}
@string{focs85ed  = ""}
@string{focs86ed  = ""}
@string{focs87ed  = ""}
@string{focs88ed  = ""}
@string{focs89ed  = ""}
@string{focs90ed  = ""}
@string{focs91ed  = ""}
@string{focs92ed  = ""}
@string{focs93ed  = ""}
@string{focs94ed  = ""}
@string{focs95ed  = ""}
@string{focs96ed  = ""}
@string{focs97ed  = ""}
@string{focs98ed  = ""}
@string{focs99ed  = ""}
@string{focs00ed  = ""}
@string{focs01ed  = ""}
@string{focs02ed  = ""}
@string{focs03ed  = ""}
@string{focs04ed  = ""}
@string{focs05ed  = ""}
@string{focs06ed  = ""}
@string{focs07ed  = ""}
@string{focs08ed  = ""}
@string{focs09ed  = ""}
@string{focs10ed  = ""}

@string{focs80addr  = ""}
@string{focs81addr  = ""}
@string{focs82addr  = ""}
@string{focs83addr  = ""}
@string{focs84addr  = ""}
@string{focs85addr  = ""}
@string{focs86addr  = ""}
@string{focs87addr  = ""}
@string{focs88addr  = ""}
@string{focs89addr  = ""}
@string{focs90addr  = ""}
@string{focs91addr  = ""}
@string{focs92addr  = ""}
@string{focs93addr  = ""}
@string{focs94addr  = ""}
@string{focs95addr  = ""}
@string{focs96addr  = ""}
@string{focs97addr  = ""}
@string{focs98addr  = ""}
@string{focs99addr  = ""}
@string{focs00addr  = ""}
@string{focs01addr  = ""}
@string{focs02addr  = ""}
@string{focs03addr  = ""}
@string{focs04addr  = ""}
@string{focs05addr  = ""}
@string{focs06addr  = ""}
@string{focs07addr  = ""}
@string{focs08addr  = ""}
@string{focs09addr  = ""}
@string{focs10addr  = ""}

@string{focs80month  = oct}
@string{focs81month  = oct}
@string{focs82month  = nov}
@string{focs83month  = nov}
@string{focs84month  = oct}
@string{focs85month  = oct}
@string{focs86month  = oct}
@string{focs87month  = oct}
@string{focs88month  = oct}
@string{focs89month  = oct # "~/~" # nov}
@string{focs90month  = oct}
@string{focs91month  = oct}
@string{focs92month  = oct}
@string{focs93month  = nov}
@string{focs94month  = nov}
@string{focs95month  = oct}
@string{focs96month  = oct}
@string{focs97month  = oct}
@string{focs98month  = nov}
@string{focs99month  = oct}
@string{focs00month  = nov}
@string{focs01month  = oct}
@string{focs02month  = nov}
@string{focs03month  = oct}
@string{focs04month  = oct}
@string{focs05month  = oct}
@string{focs06month  = oct}
@string{focs07month  = oct}
@string{focs08month  = ""}
@string{focs09month  = ""}
@string{focs10month  = ""}

%------------------------------------------------------------------
%                          STOC
%------------------------------------------------------------------

@string{stocname = "\ifnum\shortbib=1{ACM STOC}\else{Annual {ACM} Symposium
on Theory of Computing (STOC)}\fi"}
@string{stoced = ""}
@string{stocpub = "{ACM} Press"}

@string{stoc80  = "STOC80"}
@string{stoc81  = "STOC81"}
@string{stoc82  = "STOC82"}
@string{stoc83  = "STOC83"}
@string{stoc84  = "STOC84"}
@string{stoc85  = "STOC85"}
@string{stoc86  = "STOC86"}
@string{stoc87  = "STOC87"}
@string{stoc88  = "STOC88"}
@string{stoc89  = "STOC89"}
@string{stoc90  = "STOC90"}
@string{stoc91  = "STOC91"}
@string{stoc92  = "STOC92"}
@string{stoc93  = "STOC93"}
@string{stoc94  = "STOC94"}
@string{stoc95  = "STOC95"}
@string{stoc96  = "STOC96"}
@string{stoc97  = "STOC97"}
@string{stoc98  = "STOC98"}
@string{stoc99  = "STOC99"}
@string{stoc00  = "STOC00"}
@string{stoc01  = "STOC01"}
@string{stoc02  = "STOC02"}
@string{stoc03  = "STOC03"}
@string{stoc04  = "STOC04"}
@string{stoc05  = "STOC05"}
@string{stoc06  = "STOC06"}
@string{stoc07  = "STOC07"}
@string{stoc08  = "STOC08"}
@string{stoc09  = "STOC09"}
@string{stoc10  = "STOC10"}

@string{stoc80key  = "STOC 1980"}
@string{stoc81key  = "STOC 1981"}
@string{stoc82key  = "STOC 1982"}
@string{stoc83key  = "STOC 1983"}
@string{stoc84key  = "STOC 1984"}
@string{stoc85key  = "STOC 1985"}
@string{stoc86key  = "STOC 1986"}
@string{stoc87key  = "STOC 1987"}
@string{stoc88key  = "STOC 1988"}
@string{stoc89key  = "STOC 1989"}
@string{stoc90key  = "STOC 1990"}
@string{stoc91key  = "STOC 1991"}
@string{stoc92key  = "STOC 1992"}
@string{stoc93key  = "STOC 1993"}
@string{stoc94key  = "STOC 1994"}
@string{stoc95key  = "STOC 1995"}
@string{stoc96key  = "STOC 1996"}
@string{stoc97key  = "STOC 1997"}
@string{stoc98key  = "STOC 1998"}
@string{stoc99key  = "STOC 1999"}
@string{stoc00key  = "STOC 2000"}
@string{stoc01key  = "STOC 2001"}
@string{stoc02key  = "STOC 2002"}
@string{stoc03key  = "STOC 2003"}
@string{stoc04key  = "STOC 2004"}
@string{stoc05key  = "STOC 2005"}
@string{stoc06key  = "STOC 2006"}
@string{stoc07key  = "STOC 2007"}
@string{stoc08key  = "STOC 2008"}
@string{stoc09key  = "STOC 2009"}
@string{stoc10key  = "STOC 2010"}

@string{stoc76name = "8th " # stocname}
@string{stoc80name  = "12th " # stocname}
@string{stoc81name  = "13th " # stocname}
@string{stoc82name  = "14th " # stocname}
@string{stoc83name  = "15th " # stocname}
@string{stoc84name  = "16th " # stocname}
@string{stoc85name  = "17th " # stocname}
@string{stoc86name  = "18th " # stocname}
@string{stoc87name  = "19th " # stocname}
@string{stoc88name  = "20th " # stocname}
@string{stoc89name  = "21st " # stocname}
@string{stoc90name  = "22nd " # stocname}
@string{stoc91name  = "23rd " # stocname}
@string{stoc92name  = "24th " # stocname}
@string{stoc93name  = "25th " # stocname}
@string{stoc94name  = "26th " # stocname}
@string{stoc95name  = "27th " # stocname}
@string{stoc96name  = "28th " # stocname}
@string{stoc97name  = "29th " # stocname}
@string{stoc98name  = "30th " # stocname}
@string{stoc99name  = "31st " # stocname}
@string{stoc00name  = "32nd " # stocname}
@string{stoc01name  = "33rd " # stocname}
@string{stoc02name  = "34th " # stocname}
@string{stoc03name  = "35th " # stocname}
@string{stoc04name  = "36th " # stocname}
@string{stoc05name  = "37th " # stocname}
@string{stoc06name  = "38th " # stocname}
@string{stoc07name  = "39th " # stocname}
@string{stoc08name  = "40th " # stocname}
@string{stoc09name  = "41st " # stocname}
@string{stoc10name  = "42nd " # stocname}

@string{stoc80ed  = ""}
@string{stoc81ed  = ""}
@string{stoc82ed  = ""}
@string{stoc83ed  = ""}
@string{stoc84ed  = ""}
@string{stoc85ed  = ""}
@string{stoc86ed  = ""}
@string{stoc87ed  = "Alfred Aho"}
@string{stoc88ed  = ""}
@string{stoc89ed  = ""}
@string{stoc90ed  = ""}
@string{stoc91ed  = ""}
@string{stoc92ed  = ""}
@string{stoc93ed  = ""}
@string{stoc94ed  = ""}
@string{stoc95ed  = ""}
@string{stoc96ed  = ""}
@string{stoc97ed  = ""}
@string{stoc98ed  = ""}
@string{stoc99ed  = ""}
@string{stoc00ed  = ""}
@string{stoc01ed  = ""}
@string{stoc02ed  = ""}
@string{stoc03ed  = ""}
@string{stoc04ed  = "L{\'a}szl{\'o} Babai"}
@string{stoc05ed  = "Harold N. Gabow and Ronald Fagin"}
@string{stoc06ed  = "Jon M. Kleinberg"}
@string{stoc07ed  = "David S. Johnson and Uriel Feige"}
@string{stoc08ed  = "Richard E. Ladner and Cynthia Dwork"}
@string{stoc09ed  = ""}
@string{stoc10ed  = ""}

@string{stoc80addr  = ""}
@string{stoc81addr  = ""}
@string{stoc82addr  = ""}
@string{stoc83addr  = ""}
@string{stoc84addr  = ""}
@string{stoc85addr  = ""}
@string{stoc86addr  = ""}
@string{stoc87addr  = ""}
@string{stoc88addr  = ""}
@string{stoc89addr  = ""}
@string{stoc90addr  = ""}
@string{stoc91addr  = ""}
@string{stoc92addr  = ""}
@string{stoc93addr  = ""}
@string{stoc94addr  = ""}
@string{stoc95addr  = ""}
@string{stoc96addr  = ""}
@string{stoc97addr  = ""}
@string{stoc98addr  = ""}
@string{stoc99addr  = ""}
@string{stoc00addr  = ""}
@string{stoc01addr  = ""}
@string{stoc02addr  = ""}
@string{stoc03addr  = ""}
@string{stoc04addr  = ""}
@string{stoc05addr  = ""}
@string{stoc06addr  = ""}
@string{stoc07addr  = ""}
@string{stoc08addr  = ""}
@string{stoc09addr  = ""}
@string{stoc10addr  = ""}

@string{stoc80month  = apr}
@string{stoc81month  = may}
@string{stoc82month  = may}
@string{stoc83month  = apr}
@string{stoc84month  = ""}
@string{stoc85month  = may}
@string{stoc86month  = may}
@string{stoc87month  = may}
@string{stoc88month  = may}
@string{stoc89month  = may}
@string{stoc90month  = may}
@string{stoc91month  = may}
@string{stoc92month  = may}
@string{stoc93month  = may}
@string{stoc94month  = may}
@string{stoc95month  = may # "~/~" # jun}
@string{stoc96month  = may}
@string{stoc97month  = may}
@string{stoc98month  = may}
@string{stoc99month  = may}
@string{stoc00month  = may}
@string{stoc01month  = jul}
@string{stoc02month  = may}
@string{stoc03month  = jun}
@string{stoc04month  = jun}
@string{stoc05month  = may}
@string{stoc06month  = may}
@string{stoc07month  = jun}
@string{stoc08month  = may}
@string{stoc09month  = ""}
@string{stoc10month  = ""}

%------------------------------------------------------------------
%                          SODA
%------------------------------------------------------------------

@string{sodaname = "\ifnum\shortbib=1{SODA}\else{Annual {ACM}-{SIAM} Symposium
on Discrete Algorithms}\fi"}
@string{sodapub = "{ACM-SIAM}"}

@string{soda90  = "SODA90"}
@string{soda91  = "SODA91"}
@string{soda92  = "SODA92"}
@string{soda93  = "SODA93"}
@string{soda94  = "SODA94"}
@string{soda95  = "SODA95"}
@string{soda96  = "SODA96"}
@string{soda97  = "SODA97"}
@string{soda98  = "SODA98"}
@string{soda99  = "SODA99"}
@string{soda00  = "SODA00"}
@string{soda01  = "SODA01"}
@string{soda02  = "SODA02"}
@string{soda03  = "SODA03"}
@string{soda04  = "SODA04"}
@string{soda05  = "SODA05"}
@string{soda06  = "SODA06"}
@string{soda07  = "SODA07"}
@string{soda08  = "SODA08"}
@string{soda09  = "SODA09"}
@string{soda10  = "SODA10"}

@string{soda90key  = "SODA 1990"}
@string{soda91key  = "SODA 1991"}
@string{soda92key  = "SODA 1992"}
@string{soda93key  = "SODA 1993"}
@string{soda94key  = "SODA 1994"}
@string{soda95key  = "SODA 1995"}
@string{soda96key  = "SODA 1996"}
@string{soda97key  = "SODA 1997"}
@string{soda98key  = "SODA 1998"}
@string{soda99key  = "SODA 1999"}
@string{soda00key  = "SODA 2000"}
@string{soda01key  = "SODA 2001"}
@string{soda02key  = "SODA 2002"}
@string{soda03key  = "SODA 2003"}
@string{soda04key  = "SODA 2004"}
@string{soda05key  = "SODA 2005"}
@string{soda06key  = "SODA 2006"}
@string{soda07key  = "SODA 2007"}
@string{soda08key  = "SODA 2008"}
@string{soda09key  = "SODA 2009"}
@string{soda10key  = "SODA 2010"}

@string{soda90name  = "1st " # sodaname}
@string{soda91name  = "2nd " # sodaname}
@string{soda92name  = "3rd " # sodaname}
@string{soda93name  = "4th " # sodaname}
@string{soda94name  = "5th " # sodaname}
@string{soda95name  = "6th " # sodaname}
@string{soda96name  = "7th " # sodaname}
@string{soda97name  = "8th " # sodaname}
@string{soda98name  = "9th " # sodaname}
@string{soda99name  = "10th " # sodaname}
@string{soda00name  = "11th " # sodaname}
@string{soda01name  = "12th " # sodaname}
@string{soda02name  = "13th " # sodaname}
@string{soda03name  = "14th " # sodaname}
@string{soda04name  = "15th " # sodaname}
@string{soda05name  = "16th " # sodaname}
@string{soda06name  = "17th " # sodaname}
@string{soda07name  = "18th " # sodaname}
@string{soda08name  = "19th " # sodaname}
@string{soda09name  = "20th " # sodaname}
@string{soda10name  = "21st " # sodaname}

@string{soda90ed  = ""}
@string{soda91ed  = ""}
@string{soda92ed  = ""}
@string{soda93ed  = ""}
@string{soda94ed  = "D. D. Sleator"}
@string{soda95ed  = ""}
@string{soda96ed  = ""}
@string{soda97ed  = ""}
@string{soda98ed  = ""}
@string{soda99ed  = ""}
@string{soda00ed  = ""}
@string{soda01ed  = ""}
@string{soda02ed  = ""}
@string{soda03ed  = ""}
@string{soda04ed  = "J. Ian Munro"}
@string{soda05ed  = ""}
@string{soda06ed  = ""}
@string{soda07ed  = "Nikhil Bansal and Kirk Pruhs and Clifford Stein"}
@string{soda08ed  = "Shang-Teng Huang"}
@string{soda09ed  = ""}
@string{soda10ed  = ""}

@string{soda90addr  = ""}
@string{soda91addr  = ""}
@string{soda92addr  = ""}
@string{soda93addr  = ""}
@string{soda94addr  = ""}
@string{soda95addr  = ""}
@string{soda96addr  = ""}
@string{soda97addr  = ""}
@string{soda98addr  = ""}
@string{soda99addr  = ""}
@string{soda00addr  = ""}
@string{soda01addr  = ""}
@string{soda02addr  = ""}
@string{soda03addr  = ""}
@string{soda04addr  = ""}
@string{soda05addr  = ""}
@string{soda06addr  = ""}
@string{soda07addr  = ""}
@string{soda08addr  = ""}
@string{soda09addr  = ""}
@string{soda10addr  = ""}

@string{soda90month  = jan}
@string{soda91month  = jan}
@string{soda92month  = jan}
@string{soda93month  = jan}
@string{soda94month  = jan}
@string{soda95month  = jan}
@string{soda96month  = jan}
@string{soda97month  = jan}
@string{soda98month  = jan}
@string{soda99month  = jan}
@string{soda00month  = jan}
@string{soda01month  = jan}
@string{soda02month  = jan}
@string{soda03month  = jan}
@string{soda04month  = jan}
@string{soda05month  = jan}
@string{soda06month  = jan}
@string{soda07month  = jan}
@string{soda08month  = jan}
@string{soda09month  = ""}
@string{soda10month  = ""}

%------------------------------------------------------------------
%                          ACM CCS
%------------------------------------------------------------------

@string{ccsname = "\ifnum\shortbib=1{}\else{ACM Conf.\ on Computer and
Communications Security}\fi"}
@string{ccsed = ""}
@string{ccspub = "{ACM} Press"}

@string{ccs93  = "CCS93"}
@string{ccs94  = "CCS94"}
@string{ccs96  = "CCS96"}
@string{ccs97  = "CCS97"}
@string{ccs98  = "CCS98"}
@string{ccs99  = "CCS99"}
@string{ccs00  = "CCS00"}
@string{ccs01  = "CCS01"}
@string{ccs02  = "CCS02"}
@string{ccs03  = "CCS03"}
@string{ccs04  = "CCS04"}
@string{ccs05  = "CCS05"}
@string{ccs06  = "CCS06"}
@string{ccs07  = "CCS07"}
@string{ccs08  = "CCS08"}
@string{ccs09  = "CCS09"}
@string{ccs10  = "CCS10"}

@string{ccs93key  = "ACM CCS 1993"}
@string{ccs94key  = "ACM CCS 1994"}
@string{ccs96key  = "ACM CCS 1996"}
@string{ccs97key  = "ACM CCS 1997"}
@string{ccs98key  = "ACM CCS 1998"}
@string{ccs99key  = "ACM CCS 1999"}
@string{ccs00key  = "ACM CCS 2000"}
@string{ccs01key  = "ACM CCS 2001"}
@string{ccs02key  = "ACM CCS 2002"}
@string{ccs03key  = "ACM CCS 2003"}
@string{ccs04key  = "ACM CCS 2004"}
@string{ccs05key  = "ACM CCS 2005"}
@string{ccs06key  = "ACM CCS 2006"}
@string{ccs07key  = "ACM CCS 2007"}
@string{ccs08key  = "ACM CCS 2008"}
@string{ccs09key  = "ACM CCS 2009"}
@string{ccs10key  = "ACM CCS 2010"}

@string{ccs93name  = "\ifnum\shortbib=0{1st }\fi" # ccsname}
@string{ccs94name  = "ACM CCS '94\ifnum\shortbib=0{: 2nd }\fi" # ccsname}
@string{ccs96name  = "ACM CCS '96\ifnum\shortbib=0{: 3rd }\fi" # ccsname}
@string{ccs97name  = "ACM CCS '97\ifnum\shortbib=0{: 4th }\fi" # ccsname}
@string{ccs98name  = "ACM CCS '98\ifnum\shortbib=0{: 5th }\fi" # ccsname}
@string{ccs99name  = "ACM CCS '99\ifnum\shortbib=0{: 6th }\fi" # ccsname}
@string{ccs00name  = "ACM CCS '00\ifnum\shortbib=0{: 7th }\fi" # ccsname}
@string{ccs01name  = "ACM CCS '01\ifnum\shortbib=0{: 8th }\fi" # ccsname}
@string{ccs02name  = "ACM CCS '02\ifnum\shortbib=0{: 9th }\fi" # ccsname}
@string{ccs03name  = "ACM CCS '03\ifnum\shortbib=0{: 10th }\fi" # ccsname}
@string{ccs04name  = "ACM CCS '04\ifnum\shortbib=0{: 11th }\fi" # ccsname}
@string{ccs05name  = "ACM CCS '05\ifnum\shortbib=0{: 12th }\fi" # ccsname}
@string{ccs06name  = "ACM CCS '06\ifnum\shortbib=0{: 13th }\fi" # ccsname}
@string{ccs07name  = "14th~" # ccsname # "~(CCS)"}
@string{ccs08name  = "ACM CCS '08\ifnum\shortbib=0{: 15th }\fi" # ccsname}
@string{ccs09name  = "ACM CCS '09\ifnum\shortbib=0{: 16th }\fi" # ccsname}
@string{ccs10name  = "\ifnum\shortbib=1{CCS}\fi\ifnum\shortbib=0{17th }" # ccsname # "\ (CCS)\fi"}

@string{ccs93ed = "V.~Ashby"}
@string{ccs94ed = ""}
@string{ccs96ed = ""}
@string{ccs97ed = ""}
@string{ccs98ed = ""}
@string{ccs99ed = ""}
@string{ccs00ed = "S.~Jajodia and P.~Samarati"}
@string{ccs01ed = ""}
@string{ccs02ed = "Vijayalakshmi Atluri"}
@string{ccs03ed = "Sushil Jajodia and Vijayalakshmi Atluri and Trent Jaeger"}
@string{ccs04ed = "Vijayalakshmi Atluri and Birgit Pfitzmann and Patrick McDaniel"}
@string{ccs05ed = "Vijayalakshmi Atluri and Catherine Meadows and Ari Juels"}
@string{ccs06ed = "Ari Juels and Rebecca N. Wright and {Sabrina De Capitani di} Vimercati"}
@string{ccs07ed = "Peng Ning and Sabrina De Capitani {di Vimercati} and Paul F. Syverson"}
@string{ccs08ed = ""}
@string{ccs09ed = ""}
@string{ccs10ed = ""}

@string{ccs93addr = ""}
@string{ccs94addr = ""}
@string{ccs96addr = ""}
@string{ccs97addr = ""}
@string{ccs98addr = ""}
@string{ccs99addr = ""}
@string{ccs00addr = ""}
@string{ccs01addr = ""}
@string{ccs02addr = ""}
@string{ccs03addr = ""}
@string{ccs04addr = ""}
@string{ccs05addr = ""}
@string{ccs06addr = ""}
@string{ccs07addr = ""}
@string{ccs08addr = ""}
@string{ccs09addr = ""}
@string{ccs10addr = ""}

@string{ccs93month = nov}
@string{ccs94month = ""}
@string{ccs96month = mar}
@string{ccs97month = apr}
@string{ccs98month = nov}
@string{ccs99month = nov}
@string{ccs00month = nov}
@string{ccs01month = nov}
@string{ccs02month = nov}
@string{ccs03month = oct}
@string{ccs04month = oct}
@string{ccs05month = nov}
@string{ccs06month = oct # "~/~" # nov}
@string{ccs07month = oct}
@string{ccs08month = ""}
@string{ccs09month = ""}
@string{ccs10month = ""}

%------------------------------------------------------------------
%                          ASIACCS
%------------------------------------------------------------------

@string{asiaccsname = "\ifnum\shortbib=1{}\else{ACM Symp.\ on Information,
Computer, and Communications Security}\fi"}
@string{asiaccsed = ""}
@string{asiaccspub = "{ACM} Press"}

@string{asiaccs06  = "ASIACCS06"}
@string{asiaccs07  = "ASIACCS07"}
@string{asiaccs08  = "ASIACCS08"}
@string{asiaccs09  = "ASIACCS09"}
@string{asiaccs10  = "ASIACCS10"}

@string{asiaccs06key  = "ASIACCS 2006"}
@string{asiaccs07key  = "ASIACCS 2007"}
@string{asiaccs08key  = "ASIACCS 2008"}
@string{asiaccs09key  = "ASIACCS 2009"}
@string{asiaccs10key  = "ASIACCS 2010"}

@string{asiaccs06name  = "ASIACCS 06\ifnum\shortbib=0{: 1st }\fi" # asiaccsname}
@string{asiaccs07name  = "ASIACCS 07\ifnum\shortbib=0{: 2nd }\fi" # asiaccsname}
@string{asiaccs08name  = "ASIACCS 2008\ifnum\shortbib=0{: 3rd }\fi" # asiaccsname}
@string{asiaccs09name  = "ASIACCS 09\ifnum\shortbib=0{: 4th }\fi" # asiaccsname}
@string{asiaccs10name  = "ASIACCS 10\ifnum\shortbib=0{: 5th }\fi" # asiaccsname}

@string{asiaccs06ed = "Ferng-Ching Lin and Der-Tsai Lee and Bao-Shuh Lin and Shiuhpyng Shieh and Sushil Jajodia"}
@string{asiaccs07ed = "Feng Bao and Steven Miller"}
@string{asiaccs08ed = "Masayuki Abe and Virgil Gligor"}
@string{asiaccs09ed = ""}
@string{asiaccs10ed = ""}

@string{asiaccs06addr = ""}
@string{asiaccs07addr = ""}
@string{asiaccs08addr = ""}
@string{asiaccs09addr = ""}
@string{asiaccs10addr = ""}

@string{asiaccs06month = mar}
@string{asiaccs07month = mar}
@string{asiaccs08month = mar}
@string{asiaccs09month = ""}
@string{asiaccs10month = ""}

%------------------------------------------------------------------
%                          NDSS
%------------------------------------------------------------------

@string{ndssname =
 "\ifnum\shortbib=1{NDSS}\else{Network and Distributed System Security
Symposium (NDSS)}\fi"}
@string{ndssed = ""}
@string{ndsspub = "The Internet Society"}

@string{ndss97  = "NDSS97"}
@string{ndss98  = "NDSS98"}
@string{ndss99  = "NDSS99"}
@string{ndss00  = "NDSS00"}
@string{ndss01  = "NDSS01"}
@string{ndss02  = "NDSS02"}
@string{ndss03  = "NDSS03"}
@string{ndss04  = "NDSS04"}
@string{ndss05  = "NDSS05"}
@string{ndss06  = "NDSS06"}
@string{ndss07  = "NDSS07"}
@string{ndss08  = "NDSS08"}
@string{ndss09  = "NDSS09"}
@string{ndss10  = "NDSS10"}

@string{ndss97key  = "NDSS 1997"}
@string{ndss98key  = "NDSS 1998"}
@string{ndss99key  = "NDSS 1999"}
@string{ndss00key  = "NDSS 2000"}
@string{ndss01key  = "NDSS 2001"}
@string{ndss02key  = "NDSS 2002"}
@string{ndss03key  = "NDSS 2003"}
@string{ndss04key  = "NDSS 2004"}
@string{ndss05key  = "NDSS 2005"}
@string{ndss06key  = "NDSS 2006"}
@string{ndss07key  = "NDSS 2007"}
@string{ndss08key  = "NDSS 2008"}
@string{ndss09key  = "NDSS 2009"}
@string{ndss10key  = "NDSS 2010"}

@string{ndss97name  = ndssname # "'97"}
@string{ndss98name  = ndssname # "'98"}
@string{ndss99name  = ndssname # "'99"}
@string{ndss00name  = ndssname # "~2000"}
@string{ndss01name  = ndssname # "~2001"}
@string{ndss02name  = ndssname # "~2002"}
@string{ndss03name  = ndssname # "~2003"}
@string{ndss04name  = ndssname # "~2004"}
@string{ndss05name  = ndssname # "~2005"}
@string{ndss06name  = ndssname}
@string{ndss07name  = ndssname # "~2007"}
@string{ndss08name  = ndssname # "~2008"}
@string{ndss09name  = ndssname # "~2009"}
@string{ndss10name  = ndssname # "~2010"}

@string{ndss97ed = ""}
@string{ndss98ed = ""}
@string{ndss99ed = ""}
@string{ndss00ed = ""}
@string{ndss01ed = ""}
@string{ndss02ed = ""}
@string{ndss03ed = ""}
@string{ndss04ed = ""}
@string{ndss05ed = ""}
@string{ndss06ed = ""}
@string{ndss07ed = ""}
@string{ndss08ed = ""}
@string{ndss09ed = ""}
@string{ndss10ed = ""}

@string{ndss97addr = ""}
@string{ndss98addr = ""}
@string{ndss99addr = ""}
@string{ndss00addr = ""}
@string{ndss01addr = ""}
@string{ndss02addr = ""}
@string{ndss03addr = ""}
@string{ndss04addr = ""}
@string{ndss05addr = ""}
@string{ndss06addr = ""}
@string{ndss07addr = ""}
@string{ndss08addr = ""}
@string{ndss09addr = ""}
@string{ndss10addr = ""}

@string{ndss97month = feb}
@string{ndss98month = mar}
@string{ndss99month = feb}
@string{ndss00month = feb}
@string{ndss01month = feb}
@string{ndss02month = feb}
@string{ndss03month = feb}
@string{ndss04month = feb}
@string{ndss05month = feb}
@string{ndss06month = feb}
@string{ndss07month = feb # "~/~" # mar}
@string{ndss08month = ""}
@string{ndss09month = ""}
@string{ndss10month = ""}

%------------------------------------------------------------------
%                           RSA
%------------------------------------------------------------------

@string{rsaname =
 "\ifnum\shortbib=1{CT-RSA}\else{Cryptographers' Track --- RSA}\fi"}
@string{rsapub = springer}

@string{rsa01  = "RSA01"}
@string{rsa02  = "RSA02"}
@string{rsa03  = "RSA03"}
@string{rsa04  = "RSA04"}
@string{rsa05  = "RSA05"}
@string{rsa06  = "RSA06"}
@string{rsa07  = "RSA07"}
@string{rsa08  = "RSA08"}
@string{rsa09  = "RSA09"}
@string{rsa10  = "RSA10"}

@string{rsa01key  = "CT-RSA 2001"}
@string{rsa02key  = "CT-RSA 2002"}
@string{rsa03key  = "CT-RSA 2003"}
@string{rsa04key  = "CT-RSA 2004"}
@string{rsa05key  = "CT-RSA 2005"}
@string{rsa06key  = "CT-RSA 2006"}
@string{rsa07key  = "CT-RSA 2007"}
@string{rsa08key  = "CT-RSA 2008"}
@string{rsa09key  = "CT-RSA 2009"}
@string{rsa10key  = "CT-RSA 2010"}

@string{rsa01name  = rsaname # "~2001"}
@string{rsa02name  = rsaname # "~2002"}
@string{rsa03name  = rsaname # "~2003"}
@string{rsa04name  = rsaname # "~2004"}
@string{rsa05name  = rsaname # "~2005"}
@string{rsa06name  = rsaname # "~2006"}
@string{rsa07name  = rsaname # "~2007"}
@string{rsa08name  = rsaname # "~2008"}
@string{rsa09name  = rsaname # "~2009"}
@string{rsa10name  = rsaname # "~2010"}
@string{rsa11name  = rsaname # "~2011"}

@string{rsa01ed  = "David Naccache"}
@string{rsa02ed  = "Bart Preneel"}
@string{rsa03ed  = "Marc Joye"}
@string{rsa04ed  = "Tatsuaki Okamoto"}
@string{rsa05ed  = "Alfred Menezes"}
@string{rsa06ed  = "David Pointcheval"}
@string{rsa07ed  = "Masayuki Abe"}
@string{rsa08ed  = "Tal Malkin"}
@string{rsa09ed  = ""}
@string{rsa10ed  = ""}

@string{rsa01vol  = "2020"}
@string{rsa02vol  = "2271"}
@string{rsa03vol  = "2612"}
@string{rsa04vol  = "2964"}
@string{rsa05vol  = "3376"}
@string{rsa06vol  = "3860"}
@string{rsa07vol  = "4377"}
@string{rsa08vol  = "4964"}
@string{rsa09vol  = ""}
@string{rsa10vol  = ""}
@string{rsa11vol  = "6558"}

@string{rsa01addr  = ""}
@string{rsa02addr  = ""}
@string{rsa03addr  = ""}
@string{rsa04addr  = ""}
@string{rsa05addr  = ""}
@string{rsa06addr  = ""}
@string{rsa07addr  = ""}
@string{rsa08addr  = ""}
@string{rsa09addr  = ""}
@string{rsa10addr  = ""}

@string{rsa01month  = apr}
@string{rsa02month  = feb}
@string{rsa03month  = apr}
@string{rsa04month  = feb}
@string{rsa05month  = feb}
@string{rsa06month  = feb}
@string{rsa07month  = feb}
@string{rsa08month  = apr}
@string{rsa09month  = ""}
@string{rsa10month  = ""}

%------------------------------------------------------------------
%                           FC
%------------------------------------------------------------------

@string{fcname = "\ifnum\shortbib=1{FC}\else{Financial Cryptography and Data Security}\fi"}
@string{fcpub = springer}

@string{fc97  = "FC97"}
@string{fc98  = "FC98"}
@string{fc99  = "FC99"}
@string{fc00  = "FC00"}
@string{fc01  = "FC01"}
@string{fc02  = "FC02"}
@string{fc03  = "FC03"}
@string{fc04  = "FC04"}
@string{fc05  = "FC05"}
@string{fc06  = "FC06"}
@string{fc07  = "FC07"}
@string{fc08  = "FC08"}
@string{fc09  = "FC09"}
@string{fc10  = "FC10"}

@string{fc97key  = "FC 1997"}
@string{fc98key  = "FC 1998"}
@string{fc99key  = "FC 1999"}
@string{fc00key  = "FC 2000"}
@string{fc01key  = "FC 2001"}
@string{fc02key  = "FC 2002"}
@string{fc03key  = "FC 2003"}
@string{fc04key  = "FC 2004"}
@string{fc05key  = "FC 2005"}
@string{fc06key  = "FC 2006"}
@string{fc07key  = "FC 2007"}
@string{fc08key  = "FC 2008"}
@string{fc09key  = "FC 2009"}
@string{fc10key  = "FC 2010"}

@string{fc97name  = fcname # "'97"}
@string{fc98name  = fcname # "'98"}
@string{fc99name  = fcname # "'99"}
@string{fc00name  = fcname # "~2000"}
@string{fc01name  = fcname # "~2001"}
@string{fc02name  = fcname # "~2002"}
@string{fc03name  = fcname # "~2003"}
@string{fc04name  = fcname # "~2004"}
@string{fc05name  = fcname # "~2005"}
@string{fc06name  = fcname}
@string{fc07name  = fcname # "~2007"}
@string{fc08name  = fcname}
@string{fc09name  = fcname}
@string{fc10name  = fcname # "~2010"}

@string{fc97ed  = "Rafael Hirschfeld"}
@string{fc98ed  = "Rafael Hirschfeld"}
@string{fc99ed  = "Matthew Franklin"}
@string{fc00ed  = "Yair Frankel"}
@string{fc01ed  = "Paul F. Syverson"}
@string{fc02ed  = "Matt Blaze"}
@string{fc03ed  = "Rebecca Wright"}
@string{fc04ed  = "Ari Juels"}
@string{fc05ed  = "Andrew Patrick and Moti Yung"}
@string{fc06ed  = "Giovanni {Di Crescenzo} and Avi Rubin"}
@string{fc07ed  = "Sven Dietrich and Rachna Dhamija"}
@string{fc08ed  = ""}
@string{fc09ed  = ""}
@string{fc10ed  = ""}

@string{fc97vol  = "1318"}
@string{fc98vol  = "1465"}
@string{fc99vol  = "1648"}
@string{fc00vol  = "1962"}
@string{fc01vol  = "2339"}
@string{fc02vol  = "2357"}
@string{fc03vol  = "2742"}
@string{fc04vol  = "3110"}
@string{fc05vol  = "3570"}
@string{fc06vol  = "4107"}
@string{fc07vol  = "4886"}
@string{fc08vol  = "5143"}
@string{fc09vol  = "5628"}
@string{fc10vol  = "6052"}

@string{fc97addr  = ""}
@string{fc98addr  = ""}
@string{fc99addr  = ""}
@string{fc00addr  = ""}
@string{fc01addr  = ""}
@string{fc02addr  = ""}
@string{fc03addr  = ""}
@string{fc04addr  = ""}
@string{fc05addr  = ""}
@string{fc06addr  = ""}
@string{fc07addr  = ""}
@string{fc08addr  = ""}
@string{fc09addr  = ""}
@string{fc10addr  = ""}

@string{fc97month  = feb}
@string{fc98month  = feb}
@string{fc99month  = feb}
@string{fc00month  = feb}
@string{fc01month  = feb}
@string{fc02month  = mar}
@string{fc03month  = jan}
@string{fc04month  = feb}
@string{fc05month  = feb # "~/~" # mar}
@string{fc06month  = feb # "~/~" # mar}
@string{fc07month  = feb}
@string{fc08month  = ""}
@string{fc09month  = ""}
@string{fc10month  = ""}

%------------------------------------------------------------------
%                           PKC
%------------------------------------------------------------------

@string{pkcname_v1 = "\ifnum\shortbib=1{}\else{Intl.\ Workshop
                      on Theory and Practice in Public Key Cryptography}\fi"}
@string{pkcname_v2 = "\ifnum\shortbib=1{}\else{Intl.\ Conference
                      on Theory and Practice of Public Key Cryptography}\fi"}
@string{pkcpub = springer}

@string{pkc98  = "PKC98"}
@string{pkc99  = "PKC99"}
@string{pkc00  = "PKC00"}
@string{pkc01  = "PKC01"}
@string{pkc02  = "PKC02"}
@string{pkc03  = "PKC03"}
@string{pkc04  = "PKC04"}
@string{pkc05  = "PKC05"}
@string{pkc06  = "PKC06"}
@string{pkc07  = "PKC07"}
@string{pkc08  = "PKC08"}
@string{pkc09  = "PKC09"}
@string{pkc10  = "PKC10"}

@string{pkc98key  = "PKC 1998"}
@string{pkc99key  = "PKC 1999"}
@string{pkc00key  = "PKC 2000"}
@string{pkc01key  = "PKC 2001"}
@string{pkc02key  = "PKC 2002"}
@string{pkc03key  = "PKC 2003"}
@string{pkc04key  = "PKC 2004"}
@string{pkc05key  = "PKC 2005"}
@string{pkc06key  = "PKC 2006"}
@string{pkc07key  = "PKC 2007"}
@string{pkc08key  = "PKC 2008"}
@string{pkc09key  = "PKC 2009"}
@string{pkc10key  = "PKC 2010"}

@string{pkc98name  = "\ifnum\shortbib=0{1st }\fi" # pkcname_v1 # " (PKC~'98)"}
@string{pkc99name  = "\ifnum\shortbib=0{2nd }\fi" # pkcname_v1 # " (PKC~'99)"}
@string{pkc00name  = "\ifnum\shortbib=0{3rd }\fi" # pkcname_v1 # " (PKC~2000)"}
@string{pkc01name  = "\ifnum\shortbib=0{4th }\fi" # pkcname_v1 # " (PKC~2001)"}
@string{pkc02name  = "\ifnum\shortbib=0{5th }\fi" # pkcname_v1 # " (PKC~2002)"}
@string{pkc03name  = "\ifnum\shortbib=0{6th }\fi" # pkcname_v1 # "~--- PKC 2003"}
@string{pkc04name  = "\ifnum\shortbib=0{7th }\fi" # pkcname_v1 # " (PKC~2004)"}
@string{pkc05name  = "\ifnum\shortbib=0{8th }\fi" # pkcname_v1 # " (PKC~2005)"}
@string{pkc06name  = "\ifnum\shortbib=0{9th }\fi" # pkcname_v2 # " (PKC~2006)"}
@string{pkc07name  = "\ifnum\shortbib=0{10th }\fi" # pkcname_v2 # " (PKC~2007)"}
@string{pkc08name  = "\ifnum\shortbib=0{11th }\fi" # pkcname_v2 # " (PKC~2008)"}
@string{pkc09name  = "\ifnum\shortbib=0{12th }\fi" # pkcname_v2 # "~--- PKC~2009"}
@string{pkc10name  = "\ifnum\shortbib=0{13th }\fi" # pkcname_v2 # "~--- PKC~2010"}

@string{pkc98ed  = "Hideki Imai and Yuliang Zheng"}
@string{pkc99ed  = "Hideki Imai and Yuliang Zheng"}
@string{pkc00ed  = "Hideki Imai and Yuliang Zheng"}
@string{pkc01ed  = "Kwangjo Kim"}
@string{pkc02ed  = "David Naccache and Pascal Paillier"}
@string{pkc03ed  = "Yvo Desmedt"}
@string{pkc04ed  = "Feng Bao and Robert Deng and Jianying Zhou"}
@string{pkc05ed  = "Serge Vaudenay"}
@string{pkc06ed  = "Moti Yung and Yevgeniy Dodis and Aggelos Kiayias and Tal Malkin"}
@string{pkc07ed  = "Tatsuaki Okamoto and Xiaoyun Wang"}
@string{pkc08ed  = "Ronald Cramer"}
@string{pkc09ed  = ""}
@string{pkc10ed  = ""}

@string{pkc98vol  = "1431"}
@string{pkc99vol  = "1560"}
@string{pkc00vol  = "1751"}
@string{pkc01vol  = "1992"}
@string{pkc02vol  = "2274"}
@string{pkc03vol  = "2567"}
@string{pkc04vol  = "2947"}
@string{pkc05vol  = "3386"}
@string{pkc06vol  = "3958"}
@string{pkc07vol  = "4450"}
@string{pkc08vol  = "4939"}
@string{pkc09vol  = "5443"}
@string{pkc10vol  = "6056"}
@string{pkc11vol  = "6571"}

@string{pkc98addr  = ""}
@string{pkc99addr  = ""}
@string{pkc00addr  = ""}
@string{pkc01addr  = ""}
@string{pkc02addr  = ""}
@string{pkc03addr  = ""}
@string{pkc04addr  = ""}
@string{pkc05addr  = ""}
@string{pkc06addr  = ""}
@string{pkc07addr  = ""}
@string{pkc08addr  = ""}
@string{pkc09addr  = ""}
@string{pkc10addr  = ""}

@string{pkc98month  = feb}
@string{pkc99month  = mar}
@string{pkc00month  = jan}
@string{pkc01month  = feb}
@string{pkc02month  = feb}
@string{pkc03month  = jan}
@string{pkc04month  = mar}
@string{pkc05month  = jan}
@string{pkc06month  = apr}
@string{pkc07month  = apr}
@string{pkc08month  = mar}
@string{pkc09month  = ""}
@string{pkc10month  = ""}

%------------------------------------------------------------------
%                           INDOCRYPT
%------------------------------------------------------------------

@string{indocryptname = "\ifnum\shortbib=1{INDOCRYPT}\else{Progress
                         in Cryptology - INDOCRYPT}\fi"}
@string{indocryptsuffix = "\ifnum\shortbib=1{}\else{International Conference
                         in Cryptology in India}\fi"}
@string{indocryptpub = springer}

@string{indocrypt00  = "INDOCRYPT00"}
@string{indocrypt01  = "INDOCRYPT01"}
@string{indocrypt02  = "INDOCRYPT02"}
@string{indocrypt03  = "INDOCRYPT03"}
@string{indocrypt04  = "INDOCRYPT04"}
@string{indocrypt05  = "INDOCRYPT05"}
@string{indocrypt06  = "INDOCRYPT06"}
@string{indocrypt07  = "INDOCRYPT07"}
@string{indocrypt08  = "INDOCRYPT08"}
@string{indocrypt09  = "INDOCRYPT09"}
@string{indocrypt10  = "INDOCRYPT10"}

@string{indocrypt00key  = "INDOCRYPT 2000"}
@string{indocrypt01key  = "INDOCRYPT 2001"}
@string{indocrypt02key  = "INDOCRYPT 2002"}
@string{indocrypt03key  = "INDOCRYPT 2003"}
@string{indocrypt04key  = "INDOCRYPT 2004"}
@string{indocrypt05key  = "INDOCRYPT 2005"}
@string{indocrypt06key  = "INDOCRYPT 2006"}
@string{indocrypt07key  = "INDOCRYPT 2007"}
@string{indocrypt08key  = "INDOCRYPT 2008"}
@string{indocrypt09key  = "INDOCRYPT 2009"}
@string{indocrypt10key  = "INDOCRYPT 2010"}

@string{indocrypt00name  = indocryptname # "~2000\ifnum\shortbib=0{: 1st }\fi" # indocryptsuffix}
@string{indocrypt01name  = indocryptname # "~2001\ifnum\shortbib=0{: 2nd }\fi" # indocryptsuffix}
@string{indocrypt02name  = indocryptname # "~2002\ifnum\shortbib=0{: 3rd }\fi" # indocryptsuffix}
@string{indocrypt03name  = indocryptname # "~2003\ifnum\shortbib=0{: 4th }\fi" # indocryptsuffix}
@string{indocrypt04name  = indocryptname # "~2004\ifnum\shortbib=0{: 5th }\fi" # indocryptsuffix}
@string{indocrypt05name  = indocryptname # "~2005\ifnum\shortbib=0{: 6th }\fi" # indocryptsuffix}
@string{indocrypt06name  = indocryptname # "~2006\ifnum\shortbib=0{: 7th }\fi" # indocryptsuffix}
@string{indocrypt07name  = indocryptname # "~2007\ifnum\shortbib=0{: 8th }\fi" # indocryptsuffix}
@string{indocrypt08name  = indocryptname # "~2008\ifnum\shortbib=0{: 9th }\fi" # indocryptsuffix}
@string{indocrypt09name  = indocryptname # "~2009\ifnum\shortbib=0{: 10th }\fi" # indocryptsuffix}
@string{indocrypt10name  = indocryptname # "~2010\ifnum\shortbib=0{: 11th }\fi" # indocryptsuffix}

@string{indocrypt00ed  = "Bimal K. Roy and Eiji Okamoto"}
@string{indocrypt01ed  = "C. Pandu Rangan and Cunsheng Ding"}
@string{indocrypt02ed  = "Alfred Menezes and Palash Sarkar"}
@string{indocrypt03ed  = "Thomas Johansson and Subhamoy Maitra"}
@string{indocrypt04ed  = "Anne Canteaut and Kapalee Viswanathan"}
@string{indocrypt05ed  = "Subhamoy Maitra and C. E. Veni Madhavan and Ramarathnam Venkatesan"}
@string{indocrypt06ed  = "Rana Barua and Tanja Lange"}
@string{indocrypt07ed  = "K. Srinathan and C. Pandu Rangan and Moti Yung"}
@string{indocrypt08ed  = ""}
@string{indocrypt09ed  = ""}
@string{indocrypt10ed  = ""}

@string{indocrypt00vol  = "1977"}
@string{indocrypt01vol  = "2247"}
@string{indocrypt02vol  = "2551"}
@string{indocrypt03vol  = "2904"}
@string{indocrypt04vol  = "3348"}
@string{indocrypt05vol  = "3797"}
@string{indocrypt06vol  = "4329"}
@string{indocrypt07vol  = "4859"}
@string{indocrypt08vol  = ""}
@string{indocrypt09vol  = ""}
@string{indocrypt10vol  = ""}

@string{indocrypt00addr  = ""}
@string{indocrypt01addr  = ""}
@string{indocrypt02addr  = ""}
@string{indocrypt03addr  = ""}
@string{indocrypt04addr  = ""}
@string{indocrypt05addr  = ""}
@string{indocrypt06addr  = ""}
@string{indocrypt07addr  = ""}
@string{indocrypt08addr  = ""}
@string{indocrypt09addr  = ""}
@string{indocrypt10addr  = ""}

@string{indocrypt00month  = dec}
@string{indocrypt01month  = dec}
@string{indocrypt02month  = dec}
@string{indocrypt03month  = dec}
@string{indocrypt04month  = dec}
@string{indocrypt05month  = dec}
@string{indocrypt06month  = dec}
@string{indocrypt07month  = dec}
@string{indocrypt08month  = ""}
@string{indocrypt09month  = ""}
@string{indocrypt10month  = ""}

%------------------------------------------------------------------
%                      IEEE S & P
%------------------------------------------------------------------

@string{ieeespname = "{IEEE} Symposium on Security \& Privacy"}
@string{ieeesped = ""}
@string{ieeesppub = "{IEEE}"}

@string{ieeesp90  = "IEEESP90"}
@string{ieeesp91  = "IEEESP91"}
@string{ieeesp92  = "IEEESP92"}
@string{ieeesp93  = "IEEESP93"}
@string{ieeesp94  = "IEEESP94"}
@string{ieeesp95  = "IEEESP95"}
@string{ieeesp96  = "IEEESP96"}
@string{ieeesp97  = "IEEESP97"}
@string{ieeesp98  = "IEEESP98"}
@string{ieeesp99  = "IEEESP99"}
@string{ieeesp00  = "IEEESP00"}
@string{ieeesp01  = "IEEESP01"}
@string{ieeesp02  = "IEEESP02"}
@string{ieeesp03  = "IEEESP03"}
@string{ieeesp04  = "IEEESP04"}
@string{ieeesp05  = "IEEESP05"}
@string{ieeesp06  = "IEEESP06"}
@string{ieeesp07  = "IEEESP07"}
@string{ieeesp08  = "IEEESP08"}
@string{ieeesp09  = "IEEESP09"}
@string{ieeesp10  = "IEEESP10"}

@string{ieeesp90key  = "IEEE S\&P 1990"}
@string{ieeesp91key  = "IEEE S\&P 1991"}
@string{ieeesp92key  = "IEEE S\&P 1992"}
@string{ieeesp93key  = "IEEE S\&P 1993"}
@string{ieeesp94key  = "IEEE S\&P 1994"}
@string{ieeesp95key  = "IEEE S\&P 1995"}
@string{ieeesp96key  = "IEEE S\&P 1996"}
@string{ieeesp97key  = "IEEE S\&P 1997"}
@string{ieeesp98key  = "IEEE S\&P 1998"}
@string{ieeesp99key  = "IEEE S\&P 1999"}
@string{ieeesp00key  = "IEEE S\&P 2000"}
@string{ieeesp01key  = "IEEE S\&P 2001"}
@string{ieeesp02key  = "IEEE S\&P 2002"}
@string{ieeesp03key  = "IEEE S\&P 2003"}
@string{ieeesp04key  = "IEEE S\&P 2004"}
@string{ieeesp05key  = "IEEE S\&P 2005"}
@string{ieeesp06key  = "IEEE S\&P 2006"}
@string{ieeesp07key  = "IEEE S\&P 2007"}
@string{ieeesp08key  = "IEEE S\&P 2008"}
@string{ieeesp09key  = "IEEE S\&P 2009"}
@string{ieeesp10key  = "IEEE S\&P 2010"}

@string{ieeesp90name  = "1990 " # ieeespname}
@string{ieeesp91name  = "1991 " # ieeespname}
@string{ieeesp92name  = ieeespname}
@string{ieeesp93name  = "1993 " # ieeespname}
@string{ieeesp94name  = "1994 " # ieeespname}
@string{ieeesp95name  = "1995 " # ieeespname}
@string{ieeesp96name  = "1996 " # ieeespname}
@string{ieeesp97name  = "1997 " # ieeespname}
@string{ieeesp98name  = "1998 " # ieeespname}
@string{ieeesp99name  = "1999 " # ieeespname}
@string{ieeesp00name  = "2000 " # ieeespname}
@string{ieeesp01name  = "2001 " # ieeespname}
@string{ieeesp02name  = "2002 " # ieeespname}
@string{ieeesp03name  = "2003 " # ieeespname}
@string{ieeesp04name  = "2004 " # ieeespname}
@string{ieeesp05name  = "2005 " # ieeespname}
@string{ieeesp06name  = "2006 " # ieeespname}
@string{ieeesp07name  = ieeespname}
@string{ieeesp08name  = "2008 " # ieeespname}
@string{ieeesp09name  = "2009 " # ieeespname}
@string{ieeesp10name  = "2010 " # ieeespname}

@string{ieeesp90ed  = ""}
@string{ieeesp91ed  = ""}
@string{ieeesp92ed  = ""}
@string{ieeesp93ed  = ""}
@string{ieeesp94ed  = ""}
@string{ieeesp95ed  = ""}
@string{ieeesp96ed  = ""}
@string{ieeesp97ed  = ""}
@string{ieeesp98ed  = ""}
@string{ieeesp99ed  = ""}
@string{ieeesp00ed  = ""}
@string{ieeesp01ed  = ""}
@string{ieeesp02ed  = ""}
@string{ieeesp03ed  = ""}
@string{ieeesp04ed  = ""}
@string{ieeesp05ed  = ""}
@string{ieeesp06ed  = ""}
@string{ieeesp07ed  = ""}
@string{ieeesp08ed  = ""}
@string{ieeesp09ed  = ""}
@string{ieeesp10ed  = ""}

@string{ieeesp90addr  = ""}
@string{ieeesp91addr  = ""}
@string{ieeesp92addr  = ""}
@string{ieeesp93addr  = ""}
@string{ieeesp94addr  = ""}
@string{ieeesp95addr  = ""}
@string{ieeesp96addr  = ""}
@string{ieeesp97addr  = ""}
@string{ieeesp98addr  = ""}
@string{ieeesp99addr  = ""}
@string{ieeesp00addr  = ""}
@string{ieeesp01addr  = ""}
@string{ieeesp02addr  = ""}
@string{ieeesp03addr  = ""}
@string{ieeesp04addr  = ""}
@string{ieeesp05addr  = ""}
@string{ieeesp06addr  = ""}
@string{ieeesp07addr  = ""}
@string{ieeesp08addr  = ""}
@string{ieeesp09addr  = ""}
@string{ieeesp10addr  = ""}

@string{ieeesp90month  = ""}
@string{ieeesp91month  = ""}
@string{ieeesp92month  = may}
@string{ieeesp93month  = ""}
@string{ieeesp94month  = ""}
@string{ieeesp95month  = ""}
@string{ieeesp96month  = ""}
@string{ieeesp97month  = ""}
@string{ieeesp98month  = ""}
@string{ieeesp99month  = may}
@string{ieeesp00month  = may}
@string{ieeesp01month  = may}
@string{ieeesp02month  = may}
@string{ieeesp03month  = may}
@string{ieeesp04month  = may}
@string{ieeesp05month  = may}
@string{ieeesp06month  = may}
@string{ieeesp07month  = may}
@string{ieeesp08month  = may}
@string{ieeesp09month  = ""}
@string{ieeesp10month  = ""}

%------------------------------------------------------------------
%                          SCN
%------------------------------------------------------------------

@string{scnoldname = "\ifnum\shortbib=1{}\else{Intl.\ Conf.\
                   on Security in Communication Networks}\fi"}
@string{scnnewname = "\ifnum\shortbib=1{}\else{Intl.\ Conf.\
                   on Security and Cryptography for Networks}\fi"}
@string{scnpub = springer}

@string{scn96  = "SCN96"}
@string{scn99  = "SCN99"}
@string{scn02  = "SCN02"}
@string{scn06  = "SCN06"}
@string{scn08  = "SCN08"}
@string{scn10  = "SCN10"}

@string{scn96key  = "SCN 1996"}
@string{scn99key  = "SCN 1999"}
@string{scn02key  = "SCN 2002"}
@string{scn04key  = "SCN 2004"}
@string{scn06key  = "SCN 2006"}
@string{scn08key  = "SCN 2008"}
@string{scn10key  = "SCN 2010"}

@string{scn96name  = "\ifnum\shortbib=0{1st }\fi" # scnoldname}
@string{scn99name  = "\ifnum\shortbib=0{2nd }\fi" # scnoldname}
@string{scn02name  = "\ifnum\shortbib=0{3rd }\fi" # scnoldname}
@string{scn04name  = "\ifnum\shortbib=0{4th }\fi" # scnoldname # "~--- SCN 2004"}
@string{scn06name  = "\ifnum\shortbib=0{5th }\fi" # scnnewname}
@string{scn08name  = "\ifnum\shortbib=0{6th }\fi" # scnnewname # "~(SCN~'08)"}
@string{scn10name  = "\ifnum\shortbib=0{7th }\fi" # scnnewname}

@string{scn96ed  = ""}
@string{scn99ed  = ""}
@string{scn02ed  = "Stelvio Cimato and Clemente Galdi and Giuseppe Persiano"}
@string{scn04ed  = "Carlo Blundo and Stelvio Cimato"}
@string{scn06ed  = "Roberto De Prisco and Moti Yung"}
@string{scn08ed  = ""}
@string{scn10ed  = ""}

@string{scn96vol  = ""}
@string{scn99vol  = ""}
@string{scn02vol  = "2576"}
@string{scn04vol  = "3352"}
@string{scn06vol  = "4116"}
@string{scn08vol  = "5229"}
@string{scn10vol  = ""}

@string{scn96addr  = ""}
@string{scn99addr  = ""}
@string{scn02addr  = ""}
@string{scn04addr  = ""}
@string{scn06addr  = ""}
@string{scn08addr  = ""}
@string{scn10addr  = ""}

@string{scn96month  = sep}
@string{scn99month  = sep}
@string{scn02month  = sep}
@string{scn04month  = sep}
@string{scn06month  = sep}
@string{scn08month  = ""}
@string{scn10month  = ""}

%------------------------------------------------------------------
%                          CQRE
%------------------------------------------------------------------

@string{cqrename = "\ifnum\shortbib=1{CQRE}\else{International
Exhibition and Congress on Network Security -- {CQRE}}\fi"}
@string{cqrepub = springer}

@string{cqre99       = "CQRE99"}
@string{cqre99key    = "CQRE 1999"}
@string{cqre99name   = cqrename # "'99"}
@string{cqre99ed     = "Rainer Baumgart"}
@string{cqre99vol    = "1740"}
@string{cqre99addr   = ""}
@string{cqre99month  = nov # "~/~" # dec}

%------------------------------------------------------------------
%                          TRUSTBUS
%------------------------------------------------------------------

@string{trustbusname  = "\ifnum\shortbib=1{}\else{International Conference}\fi"}
@string{trustbuspub = springer}

@string{trustbus04  = "TRUSTBUS04"}
@string{trustbus05  = "TRUSTBUS05"}
@string{trustbus06  = "TRUSTBUS06"}
@string{trustbus07  = "TRUSTBUS07"}
@string{trustbus08  = "TRUSTBUS08"}
@string{trustbus09  = "TRUSTBUS09"}
@string{trustbus10  = "TRUSTBUS10"}

@string{trustbus04key  = "TRUSTBUS 2004"}
@string{trustbus05key  = "TRUSTBUS 2005"}
@string{trustbus06key  = "TRUSTBUS 2006"}
@string{trustbus07key  = "TRUSTBUS 2007"}
@string{trustbus08key  = "TRUSTBUS 2008"}
@string{trustbus09key  = "TRUSTBUS 2009"}
@string{trustbus10key  = "TRUSTBUS 2010"}

@string{trustbus04name  = "TrustBus 2004\ifnum\shortbib=0{: Trust and Privacy in Digital Business, 1st }\fi" # trustbusname}
@string{trustbus05name  = "TrustBus 2005\ifnum\shortbib=0{: Trust and Privacy in Digital Business, 2nd }\fi" # trustbusname}
@string{trustbus06name  = "TrustBus 2006\ifnum\shortbib=0{: Trust and Privacy in Digital Business, 3rd }\fi" # trustbusname}
@string{trustbus07name  = "TrustBus 2007\ifnum\shortbib=0{: Trust and Privacy in Digital Business, 4th }\fi" # trustbusname}
@string{trustbus08name  = "TrustBus 2008\ifnum\shortbib=0{: Trust and Privacy in Digital Business, 5th }\fi" # trustbusname}
@string{trustbus09name  = "TrustBus 2009\ifnum\shortbib=0{: Trust and Privacy in Digital Business, 6th }\fi" # trustbusname}
@string{trustbus10name  = "TrustBus 2010\ifnum\shortbib=0{: Trust and Privacy in Digital Business, 7th }\fi" # trustbusname}

@string{trustbus04ed  = "Sokratis K. Katsikas and Javier Lopez and G{\"u}nther Pernul"}
@string{trustbus05ed  = "Sokratis K. Katsikas and Javier Lopez and G{\"u}nther Pernul"}
@string{trustbus06ed  = "Simone Fischer-H{\"u}bner and Steven Furnell and Costas Lambrinoudakis"}
@string{trustbus07ed  = "Costas Lambrinoudakis and G{\"u}nther Pernul and A. Min Tjoa"}
@string{trustbus08ed  = ""}
@string{trustbus09ed  = ""}
@string{trustbus10ed  = ""}

@string{trustbus04vol  = "3184"}
@string{trustbus05vol  = "3592"}
@string{trustbus06vol  = "4083"}
@string{trustbus07vol  = "4657"}
@string{trustbus08vol  = ""}
@string{trustbus09vol  = ""}
@string{trustbus10vol  = ""}

@string{trustbus04addr  = ""}
@string{trustbus05addr  = ""}
@string{trustbus06addr  = ""}
@string{trustbus07addr  = ""}
@string{trustbus08addr  = ""}
@string{trustbus09addr  = ""}
@string{trustbus10addr  = ""}

@string{trustbus04month  = aug # "~/~" # sep}
@string{trustbus05month  = aug}
@string{trustbus06month  = sep}
@string{trustbus07month  = sep}
@string{trustbus08month  = ""}
@string{trustbus09month  = ""}
@string{trustbus10month  = ""}

%------------------------------------------------------------------
%                          LATIN
%------------------------------------------------------------------

@string{latinname  = "\ifnum\shortbib=1{}\else{Latin American Symposium}\fi"}
@string{latinpub = springer}

@string{latin92  = "LATIN92"}
@string{latin95  = "LATIN95"}
@string{latin98  = "LATIN98"}
@string{latin00  = "LATIN00"}
@string{latin02  = "LATIN02"}
@string{latin04  = "LATIN04"}
@string{latin06  = "LATIN06"}
@string{latin08  = "LATIN08"}
@string{latin10  = "LATIN10"}

@string{latin92key  = "LATIN 1992"}
@string{latin95key  = "LATIN 1995"}
@string{latin98key  = "LATIN 1998"}
@string{latin00key  = "LATIN 2000"}
@string{latin02key  = "LATIN 2002"}
@string{latin04key  = "LATIN 2004"}
@string{latin06key  = "LATIN 2006"}
@string{latin08key  = "LATIN 2008"}
@string{latin10key  = "LATIN 2010"}

@string{latin92name  = "LATIN 1992\ifnum\shortbib=0{: Theoretical Informatics, 1st }\fi" # latinname}
@string{latin95name  = "LATIN 1995\ifnum\shortbib=0{: Theoretical Informatics, 2nd }\fi" # latinname}
@string{latin98name  = "LATIN 1998\ifnum\shortbib=0{: Theoretical Informatics, 3rd }\fi" # latinname}
@string{latin00name  = "LATIN 2000\ifnum\shortbib=0{: Theoretical Informatics, 4th }\fi" # latinname}
@string{latin02name  = "LATIN 2002\ifnum\shortbib=0{: Theoretical Informatics, 5th }\fi" # latinname}
@string{latin04name  = "LATIN 2004\ifnum\shortbib=0{: Theoretical Informatics, 6th }\fi" # latinname}
@string{latin06name  = "LATIN 2006\ifnum\shortbib=0{: Theoretical Informatics, 7th }\fi" # latinname}
@string{latin08name  = "LATIN 2008\ifnum\shortbib=0{: Theoretical Informatics, 8th }\fi" # latinname}
@string{latin10name  = "LATIN 2010\ifnum\shortbib=0{: Theoretical Informatics, 9th }\fi" # latinname}

@string{latin92ed  = "Imre Simon"}
@string{latin95ed  = "Ricardo A. Baeza-Yates and Eric Goles Ch. and Patricio V. Poblete"}
@string{latin98ed  = "Claudio L. Lucchesi and Arnaldo V. Moura"}
@string{latin00ed  = "Gaston H. Gonnet and Daniel Panario and Alfredo Viola"}
@string{latin02ed  = "Sergio Rajsbaum"}
@string{latin04ed  = "Martin Farach-Colton"}
@string{latin06ed  = "Jos{\'e} R. Correa and Alejandro Hevia and Marcos A. Kiwi"}
@string{latin08ed  = ""}
@string{latin10ed  = ""}

@string{latin92vol  = "583"}
@string{latin95vol  = "911"}
@string{latin98vol  = "1380"}
@string{latin00vol  = "1776"}
@string{latin02vol  = "2286"}
@string{latin04vol  = "2976"}
@string{latin06vol  = "3887"}
@string{latin08vol  = ""}
@string{latin10vol  = ""}

@string{latin92addr  = ""}
@string{latin95addr  = ""}
@string{latin98addr  = ""}
@string{latin00addr  = ""}
@string{latin02addr  = ""}
@string{latin04addr  = ""}
@string{latin06addr  = ""}
@string{latin08addr  = ""}
@string{latin10addr  = ""}

@string{latin92month  = apr}
@string{latin95month  = apr}
@string{latin98month  = apr}
@string{latin00month  = apr}
@string{latin02month  = apr}
@string{latin04month  = apr}
@string{latin06month  = mar}
@string{latin08month  = ""}
@string{latin10month  = ""}

%------------------------------------------------------------------
%                           VIETCRYPT
%------------------------------------------------------------------

@string{vietcryptname = "\ifnum\shortbib=0{International Conference
on Cryptology in Vietnam}\fi"}
@string{vietcryptpub = springer}
@string{vietcrypt06  = "VIETCRYPT06"}
@string{vietcrypt06key  = "VIETCRYPT 2006"}
@string{vietcrypt06name  = "Progress in Cryptology - VIETCRYPT 06\ifnum\shortbib=0{: 1st }\fi" # vietcryptname}
@string{vietcrypt06ed  = "Phong Q. Nguyen"}
@string{vietcrypt06vol  = "4341"}
@string{vietcrypt06addr  = ""}
@string{vietcrypt06month  = sep}

%------------------------------------------------------------------
%                           ESORICS
%------------------------------------------------------------------

@string{esoricsname = "\ifnum\shortbib=1{}\else{European Symposium
                      on Research in Computer Security (ESORICS)}\fi"}
@string{esoricspub = springer}

@string{esorics90  = "ESORICS90"}
@string{esorics92  = "ESORICS92"}
@string{esorics94  = "ESORICS94"}
@string{esorics96  = "ESORICS96"}
@string{esorics98  = "ESORICS98"}
@string{esorics00  = "ESORICS00"}
@string{esorics02  = "ESORICS02"}
@string{esorics03  = "ESORICS03"}
@string{esorics04  = "ESORICS04"}
@string{esorics05  = "ESORICS05"}
@string{esorics06  = "ESORICS06"}
@string{esorics07  = "ESORICS07"}
@string{esorics08  = "ESORICS08"}
@string{esorics09  = "ESORICS09"}
@string{esorics10  = "ESORICS10"}

@string{esorics90key  = "ESORICS 1990"}
@string{esorics92key  = "ESORICS 1992"}
@string{esorics94key  = "ESORICS 1994"}
@string{esorics96key  = "ESORICS 1996"}
@string{esorics98key  = "ESORICS 1998"}
@string{esorics00key  = "ESORICS 2000"}
@string{esorics02key  = "ESORICS 2002"}
@string{esorics03key  = "ESORICS 2003"}
@string{esorics04key  = "ESORICS 2004"}
@string{esorics05key  = "ESORICS 2005"}
@string{esorics06key  = "ESORICS 2006"}
@string{esorics07key  = "ESORICS 2007"}
@string{esorics08key  = "ESORICS 2008"}
@string{esorics09key  = "ESORICS 2009"}
@string{esorics10key  = "ESORICS 2010"}

@string{esorics90name  = "ESORICS'90\ifnum\shortbib=0{: 1st }\fi" # esoricsname}
@string{esorics92name  = "ESORICS'92\ifnum\shortbib=0{: 2nd }\fi" # esoricsname}
@string{esorics94name  = "ESORICS'94\ifnum\shortbib=0{: 3rd }\fi" # esoricsname}
@string{esorics96name  = "ESORICS'96\ifnum\shortbib=0{: 4th }\fi" # esoricsname}
@string{esorics98name  = "ESORICS'98\ifnum\shortbib=0{: 5th }\fi" # esoricsname}
@string{esorics00name  = "ESORICS~2000\ifnum\shortbib=0{: 6th }\fi" # esoricsname}
@string{esorics02name  = "ESORICS~2002\ifnum\shortbib=0{: 7th }\fi" # esoricsname}
@string{esorics03name  = "ESORICS~2003\ifnum\shortbib=0{: 8th }\fi" # esoricsname}
@string{esorics04name  = "ESORICS~2004\ifnum\shortbib=0{: 9th }\fi" # esoricsname}
@string{esorics05name  = "ESORICS~2005\ifnum\shortbib=0{: 10th }\fi" # esoricsname}
@string{esorics06name  = "ESORICS~2006\ifnum\shortbib=0{: 11th }\fi" # esoricsname}
@string{esorics07name  = "ESORICS~2007\ifnum\shortbib=0{: 12th }\fi" # esoricsname}
@string{esorics08name  = "ESORICS~2008\ifnum\shortbib=0{: 13th }\fi" # esoricsname}
@string{esorics09name  = "\ifnum\shortbib=0{14th }\fi" # esoricsname}
@string{esorics10name  = "ESORICS~2010\ifnum\shortbib=0{: 15th }\fi" # esoricsname}
@string{esorics11name = "ESORICS~2011"}

@string{esorics90ed  = ""}
@string{esorics92ed  = "Yves Deswarte and G{\'e}rard Eizenberg and Jean-Jacques Quisquater"}
@string{esorics94ed  = "Dieter Gollmann"}
@string{esorics96ed  = "Elisa Bertino and Helmut Kurth and Giancarlo Martella and Emilio Montolivo"}
@string{esorics98ed  = "Jean-Jacques Quisquater and Yves Deswarte and Catherine Meadows and Dieter Gollmann"}
@string{esorics00ed  = "Fr{\'e}d{\'e}ric Cuppens and Yves Deswarte and Dieter Gollmann and Michael Waidner"}
@string{esorics02ed  = "Dieter Gollmann and G{\"u}nter Karjoth and Michael Waidner"}
@string{esorics03ed  = "Einar Snekkenes and Dieter Gollmann"}
@string{esorics04ed  = "Pierangela Samarati and Peter Y. A. Ryan and Dieter Gollmann and Refik Molva"}
@string{esorics05ed  = "Sabrina De Capitani di Vimercati and Paul F. Syverson and Dieter Gollmann"}
@string{esorics06ed  = "Dieter Gollmann and Jan Meier and Andrei Sabelfeld"}
@string{esorics07ed  = "Joachim Biskup and Javier Lopez"}
@string{esorics08ed  = ""}
@string{esorics09ed  = ""}
@string{esorics10ed  = ""}

@string{esorics90vol  = ""}
@string{esorics92vol  = "648"}
@string{esorics94vol  = "875"}
@string{esorics96vol  = "1146"}
@string{esorics98vol  = "1485"}
@string{esorics00vol  = "1895"}
@string{esorics02vol  = "2502"}
@string{esorics03vol  = "2808"}
@string{esorics04vol  = "3193"}
@string{esorics05vol  = "3679"}
@string{esorics06vol  = "4189"}
@string{esorics07vol  = "4734"}
@string{esorics08vol  = "5283"}
@string{esorics09vol  = "5789"}
@string{esorics10vol  = ""}
@string{esorics11vol = "6879"}

@string{esorics90addr  = ""}
@string{esorics92addr  = ""}
@string{esorics94addr  = ""}
@string{esorics96addr  = ""}
@string{esorics98addr  = ""}
@string{esorics00addr  = ""}
@string{esorics02addr  = ""}
@string{esorics03addr  = ""}
@string{esorics04addr  = ""}
@string{esorics05addr  = ""}
@string{esorics06addr  = ""}
@string{esorics07addr  = ""}
@string{esorics08addr  = ""}
@string{esorics09addr  = ""}
@string{esorics10addr  = ""}

@string{esorics90month  = ""}
@string{esorics92month  = nov}
@string{esorics94month  = nov}
@string{esorics96month  = sep}
@string{esorics98month  = sep}
@string{esorics00month  = oct}
@string{esorics02month  = oct}
@string{esorics03month  = oct}
@string{esorics04month  = sep}
@string{esorics05month  = sep}
@string{esorics06month  = sep}
@string{esorics07month  = sep}
@string{esorics08month  = ""}
@string{esorics09month  = ""}
@string{esorics10month  = ""}

%------------------------------------------------------------------
%                          PAIRING
%------------------------------------------------------------------

@string{pairingname = "\ifnum\shortbib=1{}\else{International Conference
                   on Pairing-based Cryptography}\fi"}
@string{pairingpub = springer}

@string{pairing07  = "PAIRING07"}
@string{pairing08  = "PAIRING08"}
@string{pairing09  = "PAIRING09"}
@string{pairing10  = "PAIRING10"}

@string{pairing07key  = "PAIRING 2007"}
@string{pairing08key  = "PAIRING 2008"}
@string{pairing09key  = "PAIRING 2009"}
@string{pairing10key  = "PAIRING 2010"}

@string{pairing07name  = "PAIRING 2007\ifnum\shortbib=0{: 1st }\fi" # pairingname}
@string{pairing08name  = "PAIRING 2008\ifnum\shortbib=0{: 2nd }\fi" # pairingname}
@string{pairing09name  = "PAIRING 2009\ifnum\shortbib=0{: 3rd }\fi" # pairingname}
@string{pairing10name  = "PAIRING 2010\ifnum\shortbib=0{: 4th }\fi" # pairingname}

@string{pairing07ed  = "Tsuyoshi Takagi and Tatsuaki Okamoto and Eiji Okamoto and Takeshi Okamoto"}
@string{pairing08ed  = ""}
@string{pairing09ed  = ""}
@string{pairing10ed  = ""}

@string{pairing07vol  = "4575"}
@string{pairing08vol  = ""}
@string{pairing09vol  = ""}
@string{pairing10vol  = ""}

@string{pairing07addr  = ""}
@string{pairing08addr  = ""}
@string{pairing09addr  = ""}
@string{pairing10addr  = ""}

@string{pairing07month  = jul}
@string{pairing08month  = sep}
@string{pairing09month  = ""}
@string{pairing10month  = ""}

%------------------------------------------------------------------
%                           TEMPLATE
%------------------------------------------------------------------

@string{XXXXname = "XXXX"}
@string{XXXpub = springer}

@string{XXXX90  = "XXXX90"}
@string{XXXX91  = "XXXX91"}
@string{XXXX92  = "XXXX92"}
@string{XXXX93  = "XXXX93"}
@string{XXXX94  = "XXXX94"}
@string{XXXX95  = "XXXX95"}
@string{XXXX96  = "XXXX96"}
@string{XXXX97  = "XXXX97"}
@string{XXXX98  = "XXXX98"}
@string{XXXX99  = "XXXX99"}
@string{XXXX00  = "XXXX00"}
@string{XXXX01  = "XXXX01"}
@string{XXXX02  = "XXXX02"}
@string{XXXX03  = "XXXX03"}
@string{XXXX04  = "XXXX04"}
@string{XXXX05  = "XXXX05"}
@string{XXXX06  = "XXXX06"}
@string{XXXX07  = "XXXX07"}
@string{XXXX08  = "XXXX08"}
@string{XXXX09  = "XXXX09"}
@string{XXXX10  = "XXXX10"}

@string{XXXX90key  = "XXXX 1990"}
@string{XXXX91key  = "XXXX 1991"}
@string{XXXX92key  = "XXXX 1992"}
@string{XXXX93key  = "XXXX 1993"}
@string{XXXX94key  = "XXXX 1994"}
@string{XXXX95key  = "XXXX 1995"}
@string{XXXX96key  = "XXXX 1996"}
@string{XXXX97key  = "XXXX 1997"}
@string{XXXX98key  = "XXXX 1998"}
@string{XXXX99key  = "XXXX 1999"}
@string{XXXX00key  = "XXXX 2000"}
@string{XXXX01key  = "XXXX 2001"}
@string{XXXX02key  = "XXXX 2002"}
@string{XXXX03key  = "XXXX 2003"}
@string{XXXX04key  = "XXXX 2004"}
@string{XXXX05key  = "XXXX 2005"}
@string{XXXX06key  = "XXXX 2006"}
@string{XXXX07key  = "XXXX 2007"}
@string{XXXX08key  = "XXXX 2008"}
@string{XXXX09key  = "XXXX 2009"}
@string{XXXX10key  = "XXXX 2010"}

@string{XXXX90name  = XXXXname # "'90"}
@string{XXXX91name  = XXXXname # "'91"}
@string{XXXX92name  = XXXXname # "'92"}
@string{XXXX93name  = XXXXname # "'93"}
@string{XXXX94name  = XXXXname # "'94"}
@string{XXXX95name  = XXXXname # "'95"}
@string{XXXX96name  = XXXXname # "'96"}
@string{XXXX97name  = XXXXname # "'97"}
@string{XXXX98name  = XXXXname # "'98"}
@string{XXXX99name  = XXXXname # "'99"}
@string{XXXX00name  = XXXXname # "~2000"}
@string{XXXX01name  = XXXXname # "~2001"}
@string{XXXX02name  = XXXXname # "~2002"}
@string{XXXX03name  = XXXXname # "~2003"}
@string{XXXX04name  = XXXXname # "~2004"}
@string{XXXX05name  = XXXXname # "~2005"}
@string{XXXX06name  = XXXXname # "~2006"}
@string{XXXX07name  = XXXXname # "~2007"}
@string{XXXX08name  = XXXXname # "~2008"}
@string{XXXX09name  = XXXXname # "~2009"}
@string{XXXX10name  = XXXXname # "~2010"}

@string{XXXX90ed  = ""}
@string{XXXX91ed  = ""}
@string{XXXX92ed  = ""}
@string{XXXX93ed  = ""}
@string{XXXX94ed  = ""}
@string{XXXX95ed  = ""}
@string{XXXX96ed  = ""}
@string{XXXX97ed  = ""}
@string{XXXX98ed  = ""}
@string{XXXX99ed  = ""}
@string{XXXX00ed  = ""}
@string{XXXX01ed  = ""}
@string{XXXX02ed  = ""}
@string{XXXX03ed  = ""}
@string{XXXX04ed  = ""}
@string{XXXX05ed  = ""}
@string{XXXX06ed  = ""}
@string{XXXX07ed  = ""}
@string{XXXX08ed  = ""}
@string{XXXX09ed  = ""}
@string{XXXX10ed  = ""}

@string{XXXX90vol  = ""}
@string{XXXX91vol  = ""}
@string{XXXX92vol  = ""}
@string{XXXX93vol  = ""}
@string{XXXX94vol  = ""}
@string{XXXX95vol  = ""}
@string{XXXX96vol  = ""}
@string{XXXX97vol  = ""}
@string{XXXX98vol  = ""}
@string{XXXX99vol  = ""}
@string{XXXX00vol  = ""}
@string{XXXX01vol  = ""}
@string{XXXX02vol  = ""}
@string{XXXX03vol  = ""}
@string{XXXX04vol  = ""}
@string{XXXX05vol  = ""}
@string{XXXX06vol  = ""}
@string{XXXX07vol  = ""}
@string{XXXX08vol  = ""}
@string{XXXX09vol  = ""}
@string{XXXX10vol  = ""}

@string{XXXX90addr  = ""}
@string{XXXX91addr  = ""}
@string{XXXX92addr  = ""}
@string{XXXX93addr  = ""}
@string{XXXX94addr  = ""}
@string{XXXX95addr  = ""}
@string{XXXX96addr  = ""}
@string{XXXX97addr  = ""}
@string{XXXX98addr  = ""}
@string{XXXX99addr  = ""}
@string{XXXX00addr  = ""}
@string{XXXX01addr  = ""}
@string{XXXX02addr  = ""}
@string{XXXX03addr  = ""}
@string{XXXX04addr  = ""}
@string{XXXX05addr  = ""}
@string{XXXX06addr  = ""}
@string{XXXX07addr  = ""}
@string{XXXX08addr  = ""}
@string{XXXX09addr  = ""}
@string{XXXX10addr  = ""}

@string{XXXX90month  = ""}
@string{XXXX91month  = ""}
@string{XXXX92month  = ""}
@string{XXXX93month  = ""}
@string{XXXX94month  = ""}
@string{XXXX95month  = ""}
@string{XXXX96month  = ""}
@string{XXXX97month  = ""}
@string{XXXX98month  = ""}
@string{XXXX99month  = ""}
@string{XXXX00month  = ""}
@string{XXXX01month  = ""}
@string{XXXX02month  = ""}
@string{XXXX03month  = ""}
@string{XXXX04month  = ""}
@string{XXXX05month  = ""}
@string{XXXX06month  = ""}
@string{XXXX07month  = ""}
@string{XXXX08month  = ""}
@string{XXXX09month  = ""}
@string{XXXX10month  = ""}
