@string{inproc="Proceedings of the "}
@string{csf = "Computer Security Foundations Symposium (CSF)"}
@string{invited="Invited paper, "}

@inproceedings{huang11fast,
title = {Faster Secure Two-Party Computation Using Garbled Circuits},
author = {Yan Huang and David Evans and Jonathan Katz and Lior Malka},
booktitle = {USENIX Security},
year = 2011
}

@misc{facebook-demographics,
  key = {facebook},
  title = {Facebook Demographics and Statistics Report 2010},
  howpublished = {\url{http://www.istrategylabs.com/2010/01/facebook-demographics-and-statistics-} \url{report-2010-145-growth-in-1-year/}},
  year = 2010
}

@inproceedings{Yao86,
  author = "A. C.-C. Yao",
  title = "How to Generate and Exchange Secrets",
  booktitle = focs86name,
  year = {1986},
  pages = "162--167",
  publisher = focspub
  }

@InProceedings{GMW87,
  author =       "O. Goldreich and
                  S. Micali and
                  A. Wigderson",
  title =        "How to Play Any Mental Game, or a Completeness Theorem for
                  Protocols with Honest Majority",
  pages =        "218--229",
  booktitle =    stoc87name,
  publisher =    stocpub,
  year =         1987,
}

@article{LindellPinkasPPDM,
  author = "Y. Lindell and B. Pinkas",
  title = "Secure Multiparty Computation for Privacy-Preserving Data Mining",
  journal = "J. Privacy and Confidentiality",
  volume = {1},
  number = {1},
  pages = "59--98",
  year = {2009}
  }

@Book{Goldreich04,
  author =       "O. Goldreich",
  title =        "Foundations of Cryptography, vol.\ 2: Basic Applications",
  publisher =    "Cambridge University Press",
  address =      "Cambridge, UK",
  year =         2004
}

@InProceedings{EC:DKMMN06,
  author =       "Cynthia Dwork and
                  Krishnaram Kenthapadi and
                  Frank McSherry and
                  Ilya Mironov and
                  Moni Naor",
  title =        "Our Data, Ourselves:
                  {Privacy} Via Distributed Noise Generation",
  pages =        "486--503",
  booktitle =    eurocrypt06name,
  volume =       eurocrypt06vol,
  year =         2006,
  publisher =    eurocryptpub,
  series =       mylncs,
}

@InProceedings{C:BeiNisOmr08,
  author =       "Amos Beimel and
                  Kobbi Nissim and
                  Eran Omri",
  title =        "Distributed Private Data Analysis: Simultaneously Solving How and What",
  pages =        "451--468",
  booktitle =    crypto08name,
  volume =       crypto08vol,
  publisher =    cryptopub,
  series =       mylncs,
  year =         2008,
}

@InProceedings{BGW88,
  author =       "M. {Ben-Or} and
                  S. Goldwasser and
                  A. Wigderson",
  title =        "Completeness Theorems for Non-Cryptographic
                  Fault-Tolerant Distributed Computation",
  pages =        "1--10",
  booktitle =    stoc88name,
  publisher =    stocpub,
  year =         1988,
}

@InProceedings{CCD88,
  author =       "D. Chaum and
                  C. Cr{\'e}peau and
                  I. Damg{\aa}rd",
  title =        "Multiparty Unconditionally Secure Protocols",
  pages =        "11--19",
  booktitle =    stoc88name,
  publisher =    stocpub,
  year =         1988,
}

@InProceedings{C:Beaver89,
  author =       "Donald Beaver",
  title =        "Multiparty Protocols Tolerating Half Faulty Processors",
  pages =        "560--572",
  booktitle =    crypto89name,
  volume =       crypto89vol,
  year =         1990,
  publisher =    cryptopub,
  series =       mylncs,
}

@InProceedings{RB89,
  author =       "Tal Rabin and
                  Michael {Ben-Or}",
  title =        "Verifiable Secret Sharing and Multiparty Protocols with
                  Honest Majority",
  pages =        "73--85",
  booktitle =    stoc89name,
  publisher =    stocpub,
  year =         1989,
}

@InProceedings{TCC:DMNS06,
  author =       "Cynthia Dwork and
                  Frank McSherry and
                  Kobbi Nissim and
                  Adam Smith",
  title =        "Calibrating Noise to Sensitivity in Private Data Analysis",
  pages =        "265--284",
  booktitle =    tcc06name,
  volume =       tcc06vol,
  year =         2006,
  publisher =    tccpub,
  series =       mylncs,
}

@InProceedings{ICALP:Dwork06,
  author =       "Cynthia Dwork",
  title =        "Differential Privacy",
  pages =        "1--12",
  booktitle =    icalp06name2,
  volume =       icalp06vol2,
  year =         2006,
  publisher =    icalppub,
  series =       mylncs,
}

@inproceedings{kenthapadi05simulatable,
  author = {Kenthapadi, Krishnaram and Mishra, Nina and Nissim, Kobbi},
  title = {Simulatable Auditing},
  booktitle = {PODS},
  keywords = {Data Privacy},
  year = {2005},
  ps_link = {http://www.cs.bgu.ac.il/\~kobbi/papers/SimulatableAuditing.ps}
}

@inproceedings{mardziel11belief,
  title = {Dynamic Enforcement of Knowledge-based Security Policies},
  author = {Piotr Mardziel and Stephen Magill and Michael Hicks and Mudhakar Srivatsa},
  booktitle = inproc # csf,
  year = 2011,
  month = jun,
}

@inproceedings{huang11efficient,
  title = {Efficient Secure Computation with Garbled Circuits},
  author = {Yan Huang and Chih-hao Shen and David Evans and Abhi Shelat},
  booktitle = invited # {International Conference on Information Systems Security},
  year = 2011,
  month = dec,
}

@article{clarkson09quantifying,
 author = {Clarkson, Michael R. and Myers, Andrew C. and Schneider, Fred B.},
 title = {Quantifying information flow with beliefs},
 journal = {J. Comput. Secur.},
 volume = {17},
 number = {5},
 year = {2009},
 optissn = {0926-227X},
 optpages = {655--701},
 optpublisher = {IOS Press},
 optaddress = {Amsterdam, The Netherlands, The Netherlands},
}

@inproceedings{radul07probscheme,
 author = {Radul, Alexey},
 title = {Report on the probabilistic language {Scheme}},
 booktitle = {DLS},
 year = {2007},
}

@misc{latte,
  author = {J. Loera and D. Haws and R. Hemmecke and P. Huggins and J. Tauzer and R. Yoshida},
  title = {LattE},
  howpublished = {\url{http://www.math.ucdavis.edu/latte/}},
  year = 2008,
}

@InCollection{pfeffer07ibal,
  author =    {Avi Pfeffer},
  editor =    {Lise Getoor and Benjamin Taskar},
  booktitle =        {Statistical Relational Learning},
  title =      {The Design and Implementation of {IBAL}: A General-Purpose Probabilistic Language},
  publisher =    {MIT Press},
  year =         {2007},
}
