@preamble{"\def\shortbib{0}"}
